2709 4434
221 352 249 447 8‘
357 368 365 391 ¹
580 339 771 445 Propertio

220 539 324 636 dixi,
357 530 551 653 ¹Antonius
580 541 742 655 disputat
773 538 871 655 apud
894 547 1135 631 Ciceronem

222 652 561 754 nemaeum.
812 682 815 687 ·
1053 714 1056 719 -
1114 720 1129 741 ·.

232 782 237 824 ³
279 772 404 852 Ac‘ne
420 769 532 872 mihi,
550 775 588 850 in
604 767 676 850 hac
692 769 958 876 disputatione,
976 773 1133 856 Cicero-

222 885 281 966 nis
303 902 517 992 opponatur
540 879 761 982 nulloritas‚
790 889 855 993 qui
875 876 1134 993 philosophiae

221 1000 262 1077 in
279 993 492 1106 eloquentia
507 1001 612 1077 usum
629 1023 856 1104 magnopere
864 997 1064 1105 praedicat,
1075 1003 1133 1080 in-

221 1113 351 1219 primis
366 1114 407 1190 in
422 1111 593 1192 Oratoris
608 1115 813 1219 principio,
835 1110 948 1221 seque
968 1118 1089 1218 magis
1109 1138 1137 1194 e

220 1219 557 1330 Philosophorum,
581 1250 697 1334 quam
719 1222 952 1320 Rhetorum,
990 1223 1133 1310 scholis
1162 1218 1165 1223 ’

224 1330 429 1421 Olatorem
458 1336 675 1448 prodiisset*
703 1335 892 1446 primum,
919 1336 1134 1421 Rhetorum

225 1456 432 1560 praeceptis
451 1478 565 1562 quam
582 1456 663 1535 vim
678 1451 726 1536 ad
742 1452 1034 1560 comparandam
1050 1449 1133 1534 elo-

194 1562 419 1674 ,quereiam
443 1563 627 1663 tribuam,
665 1568 760 1647 mox
784 1567 959 1659 diceturt·
991 1563 1133 1648 deinde

177 1676 179 1680 ’
223 1675 338 1782 longe
354 1677 461 1769 aliter
474 1676 572 1761 illud·
580 1696 705 1760 totum
723 1678 770 1758 de
785 1674 1015 1786 philosaphia
1032 1683 1133 1758 acci·
1156 1725 1158 1729 ·

213 1791 425 1898 piendum,
455 1804 570 1904 quam
600 1791 777 1873 homines
807 1795 944 1873 veteris
967 1787 1132 1899 philoso-

221 1901 332 2012 phiae
349 1907 524 2012 imperiti,
550 1924 586 1983 et
603 1907 642 1985 in
658 1900 878 2010 compendii
894 1901 1051 1987 alicuius
1066 1933 1131 1987 an-

223 2017 358 2123 gullias
388 2013 575 2124 compelli
606 2036 644 2099 et
678 2011 865 2114 conclusi,¹
907 2020 1161 2119 existimant..

223 2135 322 2212 Nam
343 2134 533 2238 primum,
555 2131 617 2213 illa
643 2157 733 2212 cum
753 2128 842 2212 dicit
864 2128 1028 2232 Cicero,
1050 2158 1129 2213 non

222 2239 355 2328 dislata
375 2240 692 2352 Philosophorum
710 2241 899 2349 intelligit,
922 2243 959 2327 h.
975 2272 1007 2325 e.
1020 2270 1127 2325 com-

222 2355 358 2468 pendia
372 2355 606 2465 disciplinae,
630 2382 727 2470 quae
741 2356 925 2442 tironibus
942 2353 1126 2464 explican-

221 2492 294 2566 tur,
317 2493 353 2553 et
380 2471 574 2554 ediscenda
598 2493 881 2580 proponuntur:
911 2469 1002 2553 vltra
1031 2490 1128 2578 quae

223 2608 362 2695 quotus
390 2591 549 2780 quispue
568 2584 687 2667 hodie
711 2584 823 2695 sapit?
844 2589 993 2668 Etenim
1015 2582 1064 2666 de
1084 2585 1129 2663 iis

221 2703 270 2779 itu
288 2699 466 2782 omnibus
494 2692 576 2783 oci's
593 2695 773 2810 loquitur,
798 2721 839 2780 vt
854 2696 947 2781 nihil
963 2693 1130 2779 habuisse

222 2811 393 2895 videatur
407 2816 644 2896 contemtius.
682 2816 817 2919 Neque
836 2836 929 2895 vero
953 2808 1002 2889 de
1020 2812 1131 2891 omni

221 2949 359 3029 genere
379 2925 637 3034 philosophiae
660 2920 845 3026 intelligit,
868 2949 947 3017 non
973 2920 1021 3003 tle
1043 2926 1131 3029 Epi·-

204 3114 208 3122 .
224 3064 348 3133 curce,
361 3065 439 3122 uon
459 3038 655 3131 destoicar
677 3062 774 3145 quae
789 3061 925 3141 genera
940 3031 1131 3116 erantsere

225 3155 370 3250 tenuia,
401 3172 438 3233 et
462 3149 554 3237 heca
577 3149 710 3261 rebus,
739 3169 777 3233 et
801 3143 926 3231 minits
950 3146 1131 3254 elegantia

222 3262 366 3347 uerbis:
397 3263 458 3348 scd
484 3263 531 3345 de
553 3264 795 3368 academica,
817 3289 837 3345 a
860 3260 1013 3347 Platone
1035 3280 1132 3362 orta,

226 3373 372 3461 fortasse
389 3383 501 3468 etiam
517 3382 777 3485 Peripatetico,
798 3375 859 3461 sed
876 3381 1045 3459 maxime
1061 3372 1132 3456 illa.

225 3496 314 3572 Non
336 3493 372 3574 se
393 3521 415 3574 e
435 3497 582 3600 porticu
605 3495 792 3585 lenonie,
814 3510 878 3575 aut
897 3497 1024 3594 Lyceo
1045 3490 1133 3571 Ari-

226 3602 383 3696 stotelis,
403 3627 466 3688 aut
487 3606 605 3689 hortis
628 3607 800 3717 Epicuri,
826 3602 889 3685 sed
915 3632 963 3687 ex
983 3601 1134 3712 Acade-

226 3719 326 3800 miae
348 3714 467 3823 spatiis
486 3722 654 3815 ,niaximc
674 3738 868 3801 oratorem
891 3716 1018 3801 exiisse
1031 3716 1133 3797 dicit.

225 3832 294 3919 Illo
321 3837 403 3914 tuln
424 3827 508 3942 suat
537 3834 718 3945 mrr'urtlo,
742 3834 882 3950 iuquit,
910 3835 1133 3955 multiplicium

1019 3964 1139 4019 uarro·
