2709 4434
232 376 286 447 12
593 309 787 461 Prosunt

231 551 455 635 destinatum
476 547 523 633 ab
547 554 655 636 initio
677 549 814 637 fuisset:
856 554 920 636 led
949 555 1139 652 videbam,

210 692 319 775 ‚eam
340 694 423 771 rem
442 663 518 749 hoc
538 662 676 748 habere
695 666 913 759 commodi,
954 685 995 745 vt
1023 671 1136 748 etiarn

228 779 473 865 Academicis
489 774 710 861 ledlionibus
730 781 872 874 seruire,
884 776 1014 886 pollet.
1067 785 1135 861 Ita·

226 893 428 1007 quenolui
441 891 620 992 resecare,
643 919 741 1005 quae
764 919 842 974 non
855 891 1137 975 satieconueni·

229 1012 396 1102 tentiis,
421 1007 486 1115 qui
501 1008 669 1114 primurn
683 1004 730 1086 'ad
744 1004 841 1087 hanc
855 1026 974 1097 artem
989 1033 1137 1112 cogno-

226 1121 406 1205 scendam
427 1122 608 1202 venirent.
675 1115 770 1201 Illud
793 1147 947 1231 quoque
969 1118 1136 1201 animad-

228 1255 434 1326 verteram,
471 1229 676 1342 plerosque
699 1230 818 1316 lrodie
846 1229 968 1321 facere
997 1237 1036 1314 in
1064 1232 1140 1315 hac⁴

226 1366 344 1545 zoe,
360 1343 465 1457 quod
480 1341 573 1429 olim
587 1350 626 1427 in
640 1344 867 1431 Rhetoribus
886 1346 1136 1457 reprehende-

213 1458 217 1466 ’
277 1456 559 1569 tQuintilianus
574 1465 618 1552 V,
636 1473 671 1550 8.
695 1481 735 1544 vt
758 1459 1012 1572 probationes,
1037 1487 1136 1570 quae

226 1580 269 1662 in
281 1601 359 1659 arte
373 1576 468 1670 sunt,
483 1575 725 1683 constantque
741 1573 852 1658 rebus
868 1575 916 1657 ad
925 1571 1135 1658 faciendam
1150 1581 1155 1588 ’

225 1690 348 1773 fidem
359 1688 520 1811 idone*
534 1692 597 1769 a'ut
611 1692 772 1795 omtrino
785 1685 986 1793 negligant,
1003 1709 1065 1775 aut
1082 1685 1135 1768 le-

224 1801 375 1885 viffrme
400 1805 597 1906 attingant,
631 1797 725 1896 flue,
760 1802 884 1912 quod·
902 1823 1133 1906 argumenta,

224 1911 329 1998 velut
341 1908 493 1998 horrida
511 1912 547 1993 et
563 1908 1134 2019 confragosavitarearnoenio-

223 2025 404 2137 ribusque
421 2022 513 2108 locis
520 2021 693 2108 defidere
707 2025 849 2123 malint,
865 2025 952 2124 flue,
967 2027 1073 2141 quod
1089 2056 1132 2110 ea

221 2136 508 2251 e'philolophia‚
525 2136 584 2220 vel
599 2133 812 2242 adferenda,
827 2139 893 2245 vel,
901 2142 1060 2251 petenda
1075 2141 1133 2224 di·

218 2269 321 2354 cant
349 2257 479 2359 Quare
494 2249 686 2360 putabam,
702 2280 765 2336 me
780 2281 858 2337 non
873 2252 972 2338 male
986 2255 1132 2338 consul-

222 2389 352 2452 turum
373 2363 541 2451 lludiosrs
561 2364 811 2480 eloquentiae,
830 2360 859 2453 sl
882 2373 921 2449 in
941 2365 1013 2451 hac
1027 2391 1131 2476 parte

220 2480 439 2588 diligentior
461 2479 596 2578 etiem,
615 2483 827 2591 praesertim
847 2510 937 2564 cunr
954 2481 1020 2564 vsu
1036 2483 1130 2565 didi·

221 2595 372 2699 ciffern,
419 2592 620 2681 iuuenibus
663 2596 729 2679 hic
772 2602 938 2680 maxime
977 2595 1131 2679 haerere

183 2714 187 2721 ’
220 2736 359 2821 aquarn
379 2705 518 2803 solere,
547 2729 585 2790 et
605 2707 731 2816 slepe,
759 2714 797 2792 in
821 2710 933 2792 rebus
952 2710 1039 2791 satis
1059 2707 1131 2793 ob-

221 2828 307 2922 viis,
329 2850 410 2906 non
425 2847 637 2917 occurrere,
652 2848 750 2931 quae
766 2844 850 2931 apte
864 2822 1006 2904 dicant:
1023 2823 1130 2934 quod

220 2940 285 3035 fit,
309 2958 350 3019 vt
370 2939 529 3047 opinor,¹
542 2931 657 3016 nulla
678 2933 747 3017 alia
770 2935 820 3017 de
840 2933 979 3031 cautla,
1013 2964 1129 3047 quarn

220 3049 327 3164 quod
348 3050 522 3135 nondum
544 3051 810 3133 exercitatione
825 3045 945 3160 aliqua
961 3054 1001 3131 in
1020 3055 1129 3134 inue-

220 3164 363 3252 niendo
377 3161 428 3246 v'fi
441 3169 543 3259 sunt,
570 3189 666 3273 quae
688 3161 834 3249 idoneis
849 3170 1056 3270 praeceptis
1069 3193 1128 3248 re-

219 3300 382 3386 geretur.
440 3279 643 3372 Ceterum‚
670 3296 712 3359 vt
738 3281 897 3387 quisque
926 3269 1127 3384 discipulos

212 3390 391 3488 habebit,
417 3395 485 3486 ita,
513 3390 561 3473 de
577 3410 779 3497 praecepto
795 3389 1016 3497 Quintiliani
1031 3399 1127 3475 Vlll.

212 3515 326 3619 prad.
349 3502 509 3608 deliget,
539 3531 635 3616 quae
659 3504 787 3588 tradat
899 3578 903 3589 .

176 3635 178 3645 '
276 3620 350 3702 Sed
371 3614 465 3702 nihil
490 3622 609 3722 magis
630 3615 788 3701 arbitror
813 3616 930 3699 fidem
951 3617 1126 3703 Rhetoris

217 3732 429 3843 postulare,
453 3758 567 3845 quarn
585 3752 626 3814 vt
644 3731 724 3814 hoc
745 3737 784 3813 in
803 3752 975 3840 tempore
991 3734 1125 3816 doceat
1173 3824 1180 3833 ,

217 3845 440 3962 discipulos,
472 3838 597 3933 tonan
623 3843 702 3933 hoc
730 3845 979 3958 praecipiendi
1005 3873 1134 3953 genus‘

894 3994 900 4003 ·
1048 3987 1129 4070 nno
