2709 4434
440 330 520 427 cap.
538 336 588 409 Π.
639 334 696 408 Dr
720 334 943 415 Orationibus.
1070 366 1141 435 ιη

232 527 311 595 riter
331 524 490 610 tradant,
522 544 554 595 et
571 550 648 596 eum
670 530 896 601 cohortatione
916 534 1008 627 graui
1029 532 1138 634 aliqua

231 632 461 727 coniungunt3
488 626 577 729 quod
598 624 660 699 effe
680 636 808 730 generis
828 630 1044 719 deliberatiui,
1070 664 1139 711 non

174 760 179 781 ·
228 729 338 908 potest
357 737 489 830 negari:
532 754 586 803 aut
614 739 793 833 vituperant
812 742 907 822 vitia,
940 758 972 808 et
991 736 1138 813 accusant

242 862 260 909 c

261 836 368 921 clera,
394 833 484 937 quod
495 842 639 910 maxime
654 838 809 911 iudicialis
823 847 950 938 generis
968 840 1024 917 ess.
1082 842 1137 917 Ad

229 943 317 1013 hanc
340 944 441 1038 igitur
461 936 722 1016 distributionem
741 966 911 1044 praeoepta
925 944 1138 1019 inuettiendae

229 1041 492 1145 digerendaeque
523 1042 653 1117 dicendi
682 1052 836 1120 materiae
872 1050 1011 1123 breuiter
1036 1076 1138 1151 pone·

228 1174 312 1221 mus.
358 1146 424 1223 Sed
440 1147 614 1249 politicum
628 1176 731 1250 genus
743 1176 812 1224 non
830 1150 954 1251 indiget
966 1154 1137 1253 peculiari·

230 1253 286 1324 bus
308 1257 505 1353 praeceptis,
543 1277 732 1329 contentum
752 1261 872 1357 quippe
895 1264 951 1343 iis,
991 1284 1072 1359 quae
1093 1254 1137 1331 de

228 1354 451 1441 inueniendit,
480 1357 633 1433 ornandis
657 1357 903 1472 digerendisque
926 1368 1138 1460 argumentis,

229 1454 379 1531 oniuerse
401 1454 592 1559 scripsimus.
652 1471 754 1561 Igitur
776 1459 816 1533 de
843 1463 911 1536 {olo
935 1472 1136 1565 panegyrico

233 1556 413 1635 dicendum
428 1563 563 1637 videtur.

286 1690 372 1757 257·
393 1670 607 1765 Panegyricae
630 1669 793 1739 orationes
821 1663 927 1743 didiae
945 1668 1026 1741 olim
1052 1662 1136 1753 surrt,

224 1786 310 1869 quae
332 1775 365 1843 io
381 1794 543 1845 conuentu
559 1775 714 1845 Graeciae
731 1768 911 1856 vniuersae,
934 1773 1020 1845 velut
1041 1776 1074 1843 in
1087 1772 1134 1845 iu·

224 1872 272 1947 dis
294 1874 498 1975 Olympicis,
523 1880 732 1961 haberentur,
766 1881 911 1949 maxime
932 1876 1134 1977 eloquentiae

223 1978 434 2052 ossentandae
456 1978 557 2053 eausa.
610 1982 697 2050 Nam
720 2005 796 2051 cum
820 1978 859 2052 ad
885 1978 959 2053 istos
980 1976 1074 2053 ludos
1091 2006 1133 2053 ox

227 2088 316 2156 omni
345 2088 483 2158 Graecia
504 2081 706 2158 confluerent
725 2088 894 2175 homines3
920 2092 1063 2157 trtaxittra
1086 2080 1133 2157 sa·

231 2186 322 2261 utitas
346 2185 482 2285 dabatur
512 2182 738 2262 inclarescendi
771 2216 829 2288 per
862 2214 999 2261 onmem
1034 2192 1131 2261 (ireo-

226 2296 320 2380 ciam,
337 2289 445 2392 liquis
459 2295 504 2366 ibi
517 2289 637 2393 aliquid
651 2291 850 2391 praeclarum
866 2296 897 2363 in
912 2294 1019 2391 aliquo
1033 2316 1131 2387 goue-

222 2422 256 2469 re
278 2390 452 2495 proferret.
527 2403 637 2497 ltaque
661 2390 852 2465 Herodotus
879 2394 922 2464 ibi
951 2390 1129 2469 Historiam

222 2495 333 2586 suain,
359 2500 577 2600 praelegendo
598 2502 784 2597 proceribus
809 2500 980 2579 Graeciae,
1002 2500 1034 2567 in
1049 2516 1130 2569 tettt·

221 2604 315 2707 plum
332 2608 421 2676 Iouis
437 2609 634 2688 oonuocatit,
655 2608 799 2701 primum
816 2598 1004 2697 publicauit,
1019 2604 1129 2673 aor‘itt·

222 2734 255 2781 re
269 2712 416 2783 Lucieno
433 2714 466 2780 in
483 2706 669 2790 Herodoto,
685 2700 738 2777 seu
753 2708 889 2777 Aetione
904 2730 973 2801 cap.
995 2728 1022 2775 t.
1049 2706 1128 2775 Po'o'·

220 2830 270 2886 tae
291 2816 468 2885 recitarunt
489 2816 632 2885 cartnina
659 2806 733 2893 sua,
763 2804 915 2881 isocrates
946 2812 1127 2881 orationem

220 2916 474 3017 puio-bertiniani
495 2914 535 2989 de
558 2941 637 3014 pace
655 2919 738 2987 inter
757 2916 898 2987 Graeeot
916 2906 1074 2997 eolettdo,
1095 2930 1128 2985 rt

220 3020 306 3093 bello
330 3016 428 3094 Persis
451 3016 631 3093 inserendo.
689 3016 800 3091 Postea
814 3022 1014 3091 hornotino
1029 3034 1128 3091 trem.

219 3122 387 3199 latum-est
401 3122 442 3197 ad
457 3130 617 3197 orationes
639 3146 773 3207 omnen,
796 3146 878 3221 quae
900 3124 933 3191 in
948 3138 1042 3193 erato
1058 3148 1127 3195 triae

219 3254 289 3329 gno
304 3234 498 3315 hominum,
517 3222 701 3327 praesertim
726 3220 913 3309 illustrium,
941 3244 993 3303 aut
1010 3220 1124 3301 ‹tirta-

218 3362 295 3406 rum
313 3328 478 3405 uniuersae
499 3337 632 3403 ciuitatis
656 3330 846 3403 haberentur
870 3324 1051 3415 eiusmodi,
1091 3350 1124 3399 vt

219 3442 252 3511 in
269 3442 307 3509 iia
325 3437 376 3510 vel
388 3432 472 3522 sola,
494 3436 545 3507 vel
568 3439 713 3507 tueritne
733 3430 907 3505 admiratio
926 3454 957 3509 et
970 3444 1057 3519 tint,
1082 3426 1125 3507 tlt

217 3569 285 3645 quo
300 3539 478 3627 diceretur,
504 3562 536 3613 et
547 3542 694 3613 Oratorit
711 3532 809 3637 ipiiut
823 3532 1029 3639 spatiaretur.

275 3660 359 3738 ²58·
385 3650 456 3719 Iam
473 3650 637 3745 primum,
658 3644 813 3743 quoniam
826 3662 931 3719 totum
946 3648 1010 3717 boe
1023 3658 1125 3735 gerent

199 3744 361 3827 ¹eerfltur
381 3756 415 3823 in
443 3754 535 3823 certio
549 3740 709 3849 perstruit,
726 3766 780 3819 aut
794 3750 888 3825 tebet
900 3745 1013 3847 gestit,
1033 3752 1125 3815 ww
