2709 4434
255 362 305 448 98
438 343 523 444 Cap.
545 346 618 421 ΙΙΙ.
668 344 728 421 Dr
753 288 976 450 Propofitioitt
1180 234 1212 469 1

260 556 349 625 neat,
369 537 509 610 breuiter
521 526 751 638 perspicueque
766 528 1004 606 definiendum.
1027 525 1085 617 Id,
1099 554 1177 605 cunt
1208 524 1212 575 7

261 650 297 719 in
311 638 412 718 nafis
424 641 526 713 sinitis
539 665 698 741 perquam
711 637 833 738 puerile
847 632 952 709 visum
967 632 1026 722 stt,
1050 661 1117 706 nec
1131 640 1180 707 in·

261 751 354 834 iuria,
375 749 542 830 Antonio,
567 771 621 845 ap.
640 746 748 818 Cicer.
766 747 857 816 Orat
870 746 922 827 ΙΙ,
947 763 1006 834 25.
1022 765 1095 812 non
1105 765 1180 813 om·

261 855 342 926 nino
356 844 612 948 improbandum
626 853 663 921 in
675 845 848 929 uniuerso,
872 869 956 946 quae
970 849 1121 917 maxime
1137 841 1181 918 ad

261 951 454 1028 docendum
480 956 653 1051 pertinent.
723 947 789 1022 Sed
814 955 874 1021 crit
895 969 1007 1027 tamen
1028 953 1182 1048 primum

262 1063 344 1133 haec
355 1054 540 1130 moderatio
558 1049 745 1144 ncccss'aria,
766 1081 808 1127 ne
824 1048 1019 1126 definiamus
1033 1079 1087 1139 ea,
1099 1080 1184 1155 quo,-

262 1188 340 1238 rum
359 1165 453 1233 notio
469 1158 651 1260 quaedam,
671 1152 833 1232 sufficiens
856 1163 926 1244 rei,
945 1184 1049 1259 quant
1066 1159 1182 1240 nasia

262 1291 349 1349 mus,
355 1260 613 1362 cognoscendae,
623 1257 775 1366 impressa
786 1260 827 1334 sit
843 1265 879 1335 iu
893 1259 1100 1335 audientium
1116 1267 1182 1335 ani·

262 1372 346 1442 uris:
369 1366 483 1454 ueluti,¹
502 1365 582 1468 quid
595 1365 636 1440 sit
648 1368 721 1453 lex,
746 1370 923 1465 cogitatio,
945 1361 1098 1451 scientia,
1114 1385 1181 1449 etc.

264 1468 348 1545 'ute
373 1497 424 1545 ret
452 1471 644 1575 plerumque
675 1465 867 1550 definiendo
883 1469 978 1542 fiunt
1004 1465 1183 1543 obscurae:

261 1500 385 1651 deinde
399 1601 479 1656 vero
500 1581 580 1649 haec
599 1581 683 1648 ratio
702 1570 881 1677 sequenda,
919 1600 962 1645 ne
984 1569 1184 1647 definiamus

264 1684 405 1755 tenuiter
417 1684 516 1754 nimis
541 1699 638 1779 atque
658 1676 828 1751 subtiliter:
853 1675 946 1777 quod
964 1676 1185 1751 talendesirti·

264 1791 372 1858 tiones
402 1809 472 1854 non
499 1779 630 1884 possunt
660 1788 779 1853 intrare
802 1786 985 1896 in'mcntes
1013 1776 1185 1883 sensusque

264 1884 482 1984 audientium,
506 1885 758 1988 multoqueant'e
769 1885 1058 1984 praeterlabuntur,
1082 1913 1181 1993 qutun

266 1993 391 2094 percipi
407 1983 549 2088 possuntt

265 2109 287 2162 ·,
313 2116 405 2164 ora.
430 2095 582 2166 Portitio
594 2089 641 2164 est
654 2097 859 2166 enumeratio
871 2120 982 2167 earum
995 2086 1173 2180 rerum,de

268 2198 387 2298 quibus
401 2190 511 2270 sutura
526 2197 573 2269 est
588 2200 712 2279 oratio,
740 2221 882 2298 quasque
903 2218 1011 2270 tenere
1026 2198 1186 2277 volumus..

268 2295 476 2387 auditorem,
497 2319 545 2386 vt,
564 2305 602 2373 iis
615 2298 799 2398 explicatis,
819 2302 981 2401 intelligat
992 2322 1184 2402 pcrorutum

268 2400 354 2479 fore.
405 2407 484 2478 Eius
505 2425 615 2479 autern
634 2409 767 2477 virtutes
786 2402 910 2479 faciunt
931 2426 1013 2478 tres:
1040 2410 1185 2505 primam

248 2577 251 2581 .
270 2515 467 2593 breuitatem,
484 2531 520 2583 vt
537 2511 640 2583 verbis
654 2535 754 2609 quam
764 2509 961 2611 paucissimis
975 2531 1098 2598 vtatur,
1118 2536 1185 2615 quo

265 2607 525 2686 'facilius'teneat
546 2612 694 2686 auditor:
720 2612 857 2688 alteram
874 2617 1127 2711 ptrflsir'ontrrt,
1150 2631 1186 2687 vt

271 2720 399 2802 omniu,
418 2744 580 2816 quaerem
594 2721 775 2802 continent,
795 2747 898 2820 quam
911 2740 944 2792 et
959 2717 1070 2819 quoad
1084 2717 1187 2819 expli·

271 2846 347 2905 care
360 2817 523 2906 volumus,
547 2819 796 2919 cornpledatur,
819 2850 924 2926 neque
938 2843 1066 2925 partem
1078 2817 1186 2897 ncces·

271 2919 389 2996 sariam
403 2920 444 2995 ad
459 2921 709 3025 intelligendum
725 2932 873 3002 omittat:
898 2933 1028 3001 tertiam
1038 2935 1183 3025 paucita-

273 3043 357 3102 tem:
381 3055 463 3129 quae
477 3048 613 3115 tenetur,
629 3034 786 3128 pn'mum,
798 3028 828 3105 fi·
838 3028 964 3107 formas
974 3057 1045 3107 non
1052 3024 1188 3134 permis·

188 3140 190 3147 ’
275 3154 388 3217 cemus
403 3159 479 3205 curn
493 3136 683 3231 generibus:
707 3134 817 3222 veluti,
842 3133 950 3240 siquis
963 3133 1062 3223 dicat,
1079 3136 1186 3234 sedt-

273 3234 538 3328 mouflruturttm,
553 3243 660 3314 deberi
666 3239 741 3312 Dru
750 3245 893 3338 primum
901 3269 1051 3329 amorrui,
1064 3235 1188 3313 deinde

272 3355 409 3438 gratum
423 3346 573 3430 animum,
587 3339 728 3443 denique
736 3351 955 3431 obedientiam,
969 3343 1118 3420 sunnam
1131 3341 1188 3417 ad·

275 3437 409 3516 misceat
421 3449 610 3542 genetibus:
636 3475 715 3519 nam
734 3454 856 3520 amoris
874 3444 995 3549 specics
1011 3450 1058 3525 est
1076 3468 1190 3549 gratus

264 3550 425 3621 animus:
450 3545 579 3639 deinde,
593 3549 619 3624 si
633 3576 704 3624 non
717 3550 821 3651 plura,
833 3580 934 3654 quam
950 3549 1123 3642 sufficiant,
1140 3549 1190 3623 di·

276 3655 383 3723 cimus
396 3679 456 3725 nos
474 3650 768 3729 demonstraturos:
805 3660 920 3758 inquo
941 3663 1107 3761 peccauit,
1131 3660 1190 3756 qui

275 3751 404 3831 dixisse
417 3755 735 3845 demonssranuum‚
758 3762 893 3860 aliquam
906 3769 1108 3866 quidform
1127 3787 1191 3857 po·

642 3914 649 3927 ,
960 3888 965 3893 ’
1079 3866 1187 3967 tmffi,
