2709 4434
453 322 536 418 Cap.
556 326 605 395 II.
655 324 715 397 Da
741 316 964 399 Orationibus.
1084 345 1155 421 tto

244 510 467 611 omnibusque
487 512 579 583 iniis
599 512 816 599 orationibus,
853 519 889 585 in
910 509 1024 614 quibus
1042 508 1152 586 landes

176 690 177 699 ,
239 634 374 689 tantum
400 633 528 713 partem
550 608 671 687 faciturt
698 608 848 701 dicendi:
872 617 923 689 vel
948 614 1009 702 lle,
1031 635 1066 689 ut
1082 635 1149 689 tota

176 756 180 765 ·
239 724 348 793 orado
362 722 397 789 in
413 713 510 791 laude
521 713 678 805 versetur,
702 718 791 822 quod
807 720 846 792 fit
858 720 1067 820 plerumque,
1092 720 1148 792 vbi

239 827 405 895 orationes
438 826 642 923 requiruntur
674 822 839 925 longiores
867 844 900 896 et
934 818 1146 923 copiofiores:

237 927 339 1000 ueluti
353 924 491 1012 Plinius,
502 931 620 1024 gratias
633 929 761 1001 aelurus
773 928 933 1013 Traiano,
955 946 1057 999 totam
1070 951 1145 1025 pru·

234 1058 278 1131 pe
291 1032 481 1103 orationem
493 1036 528 1101 in
540 1027 689 1105 laudibus
701 1037 768 1105 eius
784 1027 968 1114 eonsumsst,
987 1027 1031 1127 ad¹
1043 1049 1145 1103 extre*

185 1185 189 1195 -
236 1160 334 1209 mum
346 1130 488 1235 denique
500 1129 609 1205 addita
624 1135 713 1207 breui
725 1142 899 1235 gratiarum
914 1138 1052 1209 adlione.
1105 1128 1145 1205 Id

235 1235 344 1338 ipsum
356 1237 540 1339 quoquefit
556 1232 683 1312 duobus
696 1239 813 1311 modis.
864 1242 952 1313 Nam
975 1238 1026 1311 vel
1040 1220 1144 1337 genus

234 1335 372 1445 aliquod
391 1338 496 1416 laudis
518 1337 685 1440 deligitur,
709 1369 828 1441 nempe
849 1339 902 1428 id,
929 1341 1018 1445 quod
1043 1338 1141 1414 estin

236 1441 377 1545 persona
388 1470 434 1530 ea,
445 1469 547 1546 quam
562 1440 742 1533 laudamus,
763 1448 974 1533 uberrimum,
992 1440 1140 1530 veluti,li

239 1553 315 1650 quis
330 1543 503 1645 perfeetum
510 1547 881 1650 Theologum,lCtum,
897 1554 1140 1647 Imperatorem,

233 1672 297 1727 ete.
321 1648 382 1725 sub
401 1652 553 1755 enenrplo
574 1659 658 1740 eius,
685 1659 738 1754 qui
753 1651 875 1726 laudari
894 1649 1005 1735 debet,
1020 1674 1139 1750 propos

229 1777 306 1833 nat:
331 1754 385 1829 vel
405 1782 522 1830 omnes
535 1755 647 1830 laudes
660 1757 792 1831 alicuius
806 1753 1036 1857 persequimur.

277 1866 367 1935 260.
394 1864 429 1933 Si
453 1882 579 1962 partem
603 1863 743 1963 aliquam
764 1861 1011 1962 ampledlimur‚
1032 1861 1137 1931 oratio
1179 1914 1183 1925 ,

228 1965 360 2043 habebit
373 1962 454 2037 duas
470 1986 584 2065 partes.
634 1969 741 2041 Prima
755 1968 901 2049 ,tradlabit
915 1964 1137 2066 quaestionem

229 2064 413 2142 uniuersam
431 2067 472 2140 de
485 2073 624 2170 partibus
637 2090 669 2144 et
683 2071 799 2145 officiis
805 2067 938 2173 perfedli
948 2099 977 2141 v.
986 2095 1018 2169 g.
1029 2075 1135 2166 Impe-

233 2178 353 2259 insons,
360 2166 559 2273 Philosophi,
566 2193 626 2248 etc.
639 2177 740 2249 altera
751 2198 861 2250 autem
876 2180 987 2247 omnia
995 2173 1047 2246 illa
1056 2198 1134 2245 con·

227 2272 307 2350 foret
321 2272 366 2349 ad
380 2271 658 2375 personumcuius
673 2277 782 2353 laudes
789 2277 996 2378 suscepimus,
1004 2304 1058 2362 eo,
1065 2300 1132 2377 quo

224 2375 319 2480 supra
333 2379 476 2455 diximus
494 2383 525 2477 §.
541 2406 623 2470 141,
636 2380 752 2471 inodo.
774 2387 908 2453 Summa
922 2399 1028 2451 autem
1044 2378 1089 2450 est
1097 2383 1135 2451 in

223 2504 315 2584 parte
329 2484 446 2571 altera,
470 2512 551 2586 quae
571 2490 702 2586 proprie
723 2484 885 2557 constituit
898 2480 1131 2557 laudationem.

224 2594 339 2689 ltaque
352 2594 388 2660 in
401 2593 463 2662 hac
479 2595 623 2662 inaximo
632 2586 909 2675 elaborandum,sr
923 2592 1052 2658 materia
1061 2580 1130 2683 sup-

222 2712 323 2795 petat,
344 2692 483 2779 hocell,
499 2691 525 2765 fi
539 2698 576 2779 is,
597 2700 651 2796 qui
662 2692 854 2779 laudabitur,
879 2692 980 2765 multa
1000 2688 1077 2763 fecit
1098 2705 1131 2758 et

222 2797 335 2871 habuit
347 2824 389 2869 ex
401 2823 441 2868 eo
455 2823 593 2897 genere,
613 2795 705 2900 quod
726 2796 930 2899 propositum
949 2793 1014 2883 est3
1040 2796 1130 2894 prior

221 2898 339 2976 leuiter
351 2901 548 2987 tradlabitur,
561 2920 596 2975 ut
609 2906 728 2987 Cicero
744 2904 923 2978 Maniliana
937 2897 1023 2971 fecit.
1051 2892 1130 2970 ldfi

220 3032 292 3079 non
305 3010 386 3091 erit,
410 3012 556 3105 priorem
577 3029 702 3106 partem
722 3014 866 3082 maxime
884 3006 1128 3106 ampledlemur,

219 3113 333 3209 inqua
347 3115 442 3212 copia
458 3104 586 3184 dicendi
603 3108 709 3187 deelle
722 3140 789 3186 non
804 3111 919 3212 potesl.
975 3112 1051 3182 Hoc
1071 3134 1129 3209 ge·

218 3239 279 3286 nus
295 3208 478 3287 commode
499 3220 598 3289 etiam
611 3221 762 3290 tradlatur
779 3242 837 3317 per
850 3218 1127 3311 comparationem

218 3322 299 3402 eius,
305 3344 406 3417 quem
424 3317 602 3412 laudamus,
609 3349 687 3393 cum
700 3321 814 3422 aliquo
829 3324 862 3392 in
875 3317 994 3394 eodem
1009 3342 1130 3419 genere

217 3419 333 3494 illustri
346 3428 436 3495 viro:
460 3427 577 3525 inqua
597 3452 655 3526 per
675 3443 780 3525 partes
795 3425 1128 3525 proponenturhuiut

218 3522 348 3612 laudes,
370 3544 402 3598 et
425 3553 501 3599 cum
514 3526 649 3627 persona
660 3523 824 3628 praesente
838 3527 1126 3603 communicabun-

218 3648 291 3714 tur,
308 3623 459 3703 subiedlis
473 3628 598 3705 1doneis
615 3638 832 3731 argumentis,
851 3661 870 3706 e
887 3640 950 3707 vita
966 3638 1033 3703 eius
1045 3626 1124 3724 peti·

218 3738 281 3822 tir,
300 3730 387 3811 vnde
401 3741 595 3815 communio
607 3732 710 3813 laudis
725 3742 879 3843 cuiusque
893 3734 1100 3831 intelligatur.
1136 3730 1139 3735 ’

694 3843 747 3934 (Η
772 3849 811 3942 4)
911 3904 914 3911 ,
942 3828 1126 3906 a6taCum
