<?xml version="1.0" encoding="UTF-8"?>
<!DOCTYPE html PUBLIC "-//W3C//DTD XHTML 1.0 Transitional//EN"
    "http://www.w3.org/TR/xhtml1/DTD/xhtml1-transitional.dtd">
<html xmlns="http://www.w3.org/1999/xhtml" xml:lang="en" lang="en">
 <head>
  <title>
</title>
<meta http-equiv="Content-Type" content="text/html;charset=utf-8" />
  <meta name='ocr-system' content='tesseract 3.04.00' />
  <meta name='ocr-capabilities' content='ocr_page ocr_carea ocr_par ocr_line ocrx_word'/>
</head>
<body>
  <div class='ocr_page' id='page_1' title='image "./initiarhetorica00ernegoog_0031.png"; bbox 0 0 2709 4434; ppageno 0'>
   <div class='ocr_carea' id='block_1_1' title="bbox 332 326 1130 428">
    <p class='ocr_par' dir='ltr' id='par_1_1' title="bbox 332 326 1130 428">
     <span class='ocr_line' id='line_1_1' title="bbox 332 326 1130 428; baseline -0.014 -24"><span class='ocrx_word' id='word_1_1' title='bbox 332 332 413 428; x_wconf 79' lang='lat' dir='ltr'><strong>Cup.</strong></span> <span class='ocrx_word' id='word_1_2' title='bbox 438 329 515 402; x_wconf 81' lang='grc' dir='ltr'><strong><em>ΙΙΙ.</em></strong></span> <span class='ocrx_word' id='word_1_3' title='bbox 560 327 619 401; x_wconf 80' lang='lat' dir='ltr'><strong>De</strong></span> <span class='ocrx_word' id='word_1_4' title='bbox 643 326 730 399; x_wconf 84' lang='lat' dir='ltr'><strong>Loto</strong></span> <span class='ocrx_word' id='word_1_5' title='bbox 755 326 1015 427; x_wconf 61' lang='lat' dir='ltr'><strong>Magnitudmis.</strong></span> <span class='ocrx_word' id='word_1_6' title='bbox 1081 346 1130 421; x_wconf 78' lang='lat'><strong>²5</strong></span> 
     </span>
    </p>
   </div>
   <div class='ocr_carea' id='block_1_2' title="bbox 186 517 1200 3925">
    <p class='ocr_par' dir='ltr' id='par_1_2' title="bbox 220 517 1130 727">
     <span class='ocr_line' id='line_1_2' title="bbox 221 517 1130 622; baseline -0.003 -28"><span class='ocrx_word' id='word_1_7' title='bbox 221 517 387 594; x_wconf 84' lang='lat' dir='ltr'><strong>difficilius</strong></span> <span class='ocrx_word' id='word_1_8' title='bbox 425 536 585 587; x_wconf 86' lang='lat' dir='ltr'><strong>certamen</strong></span> <span class='ocrx_word' id='word_1_9' title='bbox 623 533 701 586; x_wconf 84' lang='lat' dir='ltr'><strong>eum</strong></span> <span class='ocrx_word' id='word_1_10' title='bbox 737 520 852 592; x_wconf 85' lang='lat' dir='ltr'><strong>auimo</strong></span> <span class='ocrx_word' id='word_1_11' title='bbox 880 535 973 622; x_wconf 82' lang='lat' dir='ltr'><strong>atque</strong></span> <span class='ocrx_word' id='word_1_12' title='bbox 1004 535 1130 605; x_wconf 81' lang='lat' dir='ltr'><strong>natura,</strong></span> 
     </span>
     <span class='ocr_line' id='line_1_3' title="bbox 220 616 593 727; baseline -0.013 -31"><span class='ocrx_word' id='word_1_13' title='bbox 220 628 325 727; x_wconf 79' lang='lat' dir='ltr'><strong>quani</strong></span> <span class='ocrx_word' id='word_1_14' title='bbox 350 648 429 723; x_wconf 84' lang='lat' dir='ltr'><strong>cum</strong></span> <span class='ocrx_word' id='word_1_15' title='bbox 455 616 593 693; x_wconf 82' lang='lat' dir='ltr'><strong>fortuna.</strong></span> 
     </span>
    </p>

    <p class='ocr_par' dir='ltr' id='par_1_3' title="bbox 217 715 1131 1441">
     <span class='ocr_line' id='line_1_4' title="bbox 277 715 1130 823; baseline -0.008 -25"><span class='ocrx_word' id='word_1_16' title='bbox 277 751 340 813; x_wconf 78' lang='lat' dir='ltr'><strong>aa.</strong></span> <span class='ocrx_word' id='word_1_17' title='bbox 372 721 510 796; x_wconf 74' lang='lat' dir='ltr'><strong>Adiuuat</strong></span> <span class='ocrx_word' id='word_1_18' title='bbox 545 726 643 797; x_wconf 86' lang='lat' dir='ltr'><strong>etiam</strong></span> <span class='ocrx_word' id='word_1_19' title='bbox 683 715 919 821; x_wconf 70' lang='lat' dir='ltr'><strong>magnitudinis</strong></span> <span class='ocrx_word' id='word_1_20' title='bbox 952 723 1130 823; x_wconf 70' lang='lat' dir='ltr'><strong>intelligen-</strong></span> 
     </span>
     <span class='ocr_line' id='line_1_5' title="bbox 223 821 1131 929; baseline 0.002 -29"><span class='ocrx_word' id='word_1_21' title='bbox 223 834 306 901; x_wconf 85' lang='lat' dir='ltr'><strong>tiam</strong></span> <span class='ocrx_word' id='word_1_22' title='bbox 319 823 497 912; x_wconf 84' lang='lat' dir='ltr'><strong>causarum,</strong></span> <span class='ocrx_word' id='word_1_23' title='bbox 517 827 632 929; x_wconf 82' lang='lat' dir='ltr'><strong>quibus</strong></span> <span class='ocrx_word' id='word_1_24' title='bbox 647 851 744 925; x_wconf 87' lang='lat' dir='ltr'><strong>quem</strong></span> <span class='ocrx_word' id='word_1_25' title='bbox 762 829 798 894; x_wconf 91' lang='lat' dir='ltr'><strong>in</strong></span> <span class='ocrx_word' id='word_1_26' title='bbox 812 821 944 924; x_wconf 86' lang='lat' dir='ltr'><strong>agendo</strong></span> <span class='ocrx_word' id='word_1_27' title='bbox 954 823 1051 900; x_wconf 76' lang='lat' dir='ltr'><strong>&#39;usum</strong></span> <span class='ocrx_word' id='word_1_28' title='bbox 1067 826 1131 907; x_wconf 72' lang='lat' dir='ltr'><strong>ess&#39;a</strong></span> 
     </span>
     <span class='ocr_line' id='line_1_6' title="bbox 225 926 1130 1031; baseline -0.002 -26"><span class='ocrx_word' id='word_1_29' title='bbox 225 933 279 1005; x_wconf 76' lang='lat' dir='ltr'><strong>vel</strong></span> <span class='ocrx_word' id='word_1_30' title='bbox 292 931 427 1016; x_wconf 57' lang='lat' dir='ltr'><strong>confiat7</strong></span> <span class='ocrx_word' id='word_1_31' title='bbox 453 931 504 1003; x_wconf 87' lang='lat' dir='ltr'><strong>vel</strong></span> <span class='ocrx_word' id='word_1_32' title='bbox 525 929 692 1031; x_wconf 82' lang='lat' dir='ltr'>probabile</span> <span class='ocrx_word' id='word_1_33' title='bbox 713 927 777 1014; x_wconf 74' lang='lat' dir='ltr'><strong>est,</strong></span> <span class='ocrx_word' id='word_1_34' title='bbox 801 926 972 1015; x_wconf 80' lang='lat' dir='ltr'><strong>honestae,</strong></span> <span class='ocrx_word' id='word_1_35' title='bbox 992 931 1045 1003; x_wconf 81' lang='lat' dir='ltr'><strong>vel</strong></span> <span class='ocrx_word' id='word_1_36' title='bbox 1065 952 1130 1009; x_wconf 80' lang='lat' dir='ltr'><strong>tut·</strong></span> 
     </span>
     <span class='ocr_line' id='line_1_7' title="bbox 222 1030 1131 1138; baseline 0 -32"><span class='ocrx_word' id='word_1_37' title='bbox 222 1033 345 1138; x_wconf 87' lang='lat' dir='ltr'><strong>pitudo.</strong></span> <span class='ocrx_word' id='word_1_38' title='bbox 409 1039 521 1108; x_wconf 86' lang='lat' dir='ltr'><strong>Maius</strong></span> <span class='ocrx_word' id='word_1_39' title='bbox 543 1062 574 1109; x_wconf 86' lang='lat' dir='ltr'><strong>v.</strong></span> <span class='ocrx_word' id='word_1_40' title='bbox 596 1062 624 1107; x_wconf 90' lang='lat' dir='ltr'><strong>c.</strong></span> <span class='ocrx_word' id='word_1_41' title='bbox 642 1032 837 1109; x_wconf 82' lang='lat' dir='ltr'><strong>beneficium</strong></span> <span class='ocrx_word' id='word_1_42' title='bbox 857 1053 1007 1132; x_wconf 87' lang='lat' dir='ltr'><strong>putatur,</strong></span> <span class='ocrx_word' id='word_1_43' title='bbox 1037 1030 1131 1135; x_wconf 90' lang='lat' dir='ltr'><strong>quod</strong></span> 
     </span>
     <span class='ocr_line' id='line_1_8' title="bbox 220 1133 1130 1240; baseline -0.004 -30"><span class='ocrx_word' id='word_1_44' title='bbox 220 1146 290 1240; x_wconf 83' lang='lat' dir='ltr'><strong>quis</strong></span> <span class='ocrx_word' id='word_1_45' title='bbox 303 1166 437 1223; x_wconf 71' lang='lat' dir='ltr'><strong>amore,</strong></span> <span class='ocrx_word' id='word_1_46' title='bbox 460 1158 517 1209; x_wconf 88' lang='lat' dir='ltr'><strong>aut</strong></span> <span class='ocrx_word' id='word_1_47' title='bbox 530 1134 662 1221; x_wconf 86' lang='lat' dir='ltr'><strong>officio,</strong></span> <span class='ocrx_word' id='word_1_48' title='bbox 686 1157 739 1209; x_wconf 88' lang='lat' dir='ltr'><strong>aut</strong></span> <span class='ocrx_word' id='word_1_49' title='bbox 753 1137 806 1211; x_wconf 85' lang='lat' dir='ltr'><strong>tali</strong></span> <span class='ocrx_word' id='word_1_50' title='bbox 827 1138 935 1237; x_wconf 85' lang='lat' dir='ltr'><strong>aliqua</strong></span> <span class='ocrx_word' id='word_1_51' title='bbox 957 1133 1050 1213; x_wconf 92' lang='lat' dir='ltr'><strong>causa</strong></span> <span class='ocrx_word' id='word_1_52' title='bbox 1071 1136 1130 1211; x_wconf 75' lang='lat' dir='ltr'><strong>du-</strong></span> 
     </span>
     <span class='ocr_line' id='line_1_9' title="bbox 217 1237 1130 1340; baseline 0.004 -23"><span class='ocrx_word' id='word_1_53' title='bbox 217 1247 310 1330; x_wconf 58' lang='lat' dir='ltr'><strong>sius,</strong></span> <span class='ocrx_word' id='word_1_54' title='bbox 325 1244 436 1340; x_wconf 81' lang='lat' dir='ltr'><strong>¹quam</strong></span> <span class='ocrx_word' id='word_1_55' title='bbox 456 1237 547 1340; x_wconf 91' lang='lat' dir='ltr'><strong>quod</strong></span> <span class='ocrx_word' id='word_1_56' title='bbox 565 1260 686 1314; x_wconf 85' lang='lat' dir='ltr'><strong>temere</strong></span> <span class='ocrx_word' id='word_1_57' title='bbox 706 1268 743 1311; x_wconf 91' lang='lat' dir='ltr'><strong>ac</strong></span> <span class='ocrx_word' id='word_1_58' title='bbox 755 1241 888 1328; x_wconf 81' lang='lat' dir='ltr'><strong>leuiter,</strong></span> <span class='ocrx_word' id='word_1_59' title='bbox 907 1247 1012 1316; x_wconf 83' lang='lat' dir='ltr'><strong>inanis</strong></span> <span class='ocrx_word' id='word_1_60' title='bbox 1024 1240 1130 1321; x_wconf 75' lang='lat' dir='ltr'><strong>laudis</strong></span> 
     </span>
     <span class='ocr_line' id='line_1_10' title="bbox 218 1337 757 1441; baseline -0.013 -21"><span class='ocrx_word' id='word_1_61' title='bbox 218 1366 279 1423; x_wconf 82' lang='lat' dir='ltr'><strong>aut</strong></span> <span class='ocrx_word' id='word_1_62' title='bbox 295 1347 443 1417; x_wconf 77' lang='lat' dir='ltr'><strong>utilitatis&#39;</strong></span> <span class='ocrx_word' id='word_1_63' title='bbox 454 1337 615 1440; x_wconf 79' lang='lat' dir='ltr'><strong>fuaespe,</strong></span> <span class='ocrx_word' id='word_1_64' title='bbox 638 1343 757 1441; x_wconf 82' lang='lat' dir='ltr'><strong>tribuit.</strong></span> 
     </span>
    </p>

    <p class='ocr_par' dir='ltr' id='par_1_4' title="bbox 216 1437 1200 1961">
     <span class='ocr_line' id='line_1_11' title="bbox 281 1437 1200 1543; baseline 0.007 -26"><span class='ocrx_word' id='word_1_65' title='bbox 281 1471 342 1537; x_wconf 85' lang='lat'><strong>25.</strong></span> <span class='ocrx_word' id='word_1_66' title='bbox 368 1444 459 1516; x_wconf 73' lang='lat' dir='ltr'><strong>Alter</strong></span> <span class='ocrx_word' id='word_1_67' title='bbox 471 1445 560 1541; x_wconf 81' lang='lat' dir='ltr'><strong>locus</strong></span> <span class='ocrx_word' id='word_1_68' title='bbox 575 1441 699 1517; x_wconf 80' lang='lat' dir='ltr'><strong>ducitur</strong></span> <span class='ocrx_word' id='word_1_69' title='bbox 712 1445 751 1543; x_wconf 76' lang='lat' dir='ltr'><strong>ab</strong></span> <span class='ocrx_word' id='word_1_70' title='bbox 766 1437 891 1536; x_wconf 74' lang='lat' dir='ltr'><strong>affiiiis,</strong></span> <span class='ocrx_word' id='word_1_71' title='bbox 912 1451 1056 1519; x_wconf 77' lang='lat' dir='ltr'><strong>maxime</strong></span> <span class='ocrx_word' id='word_1_72' title='bbox 1070 1447 1129 1523; x_wconf 80' lang='lat' dir='ltr'><strong>illa</strong></span> <span class='ocrx_word' id='word_1_73' title='bbox 1196 1482 1200 1497; x_wconf 92' lang='grc'>·</span> 
     </span>
     <span class='ocr_line' id='line_1_12' title="bbox 224 1545 1129 1651; baseline 0.003 -31"><span class='ocrx_word' id='word_1_74' title='bbox 224 1545 498 1622; x_wconf 82' lang='lat' dir='ltr'><strong>accommodatus</strong></span> <span class='ocrx_word' id='word_1_75' title='bbox 515 1545 745 1643; x_wconf 77' lang='lat' dir='ltr'><strong>intelligentiae</strong></span> <span class='ocrx_word' id='word_1_76' title='bbox 770 1551 953 1618; x_wconf 87' lang='lat' dir='ltr'><strong>communi.</strong></span> <span class='ocrx_word' id='word_1_77' title='bbox 1017 1552 1129 1651; x_wconf 86' lang='lat' dir='ltr'>Vulgo</span> 
     </span>
     <span class='ocr_line' id='line_1_13' title="bbox 219 1647 1130 1748; baseline 0.007 -25"><span class='ocrx_word' id='word_1_78' title='bbox 219 1657 314 1727; x_wconf 88' lang='lat' dir='ltr'><strong>enim</strong></span> <span class='ocrx_word' id='word_1_79' title='bbox 340 1677 458 1723; x_wconf 83' lang='lat' dir='ltr'><strong>omnes</strong></span> <span class='ocrx_word' id='word_1_80' title='bbox 480 1647 740 1748; x_wconf 82' lang='lat' dir='ltr'><strong>magnitudinem</strong></span> <span class='ocrx_word' id='word_1_81' title='bbox 780 1673 893 1723; x_wconf 84' lang='lat' dir='ltr'><strong>rerum</strong></span> <span class='ocrx_word' id='word_1_82' title='bbox 914 1667 947 1725; x_wconf 84' lang='lat' dir='ltr'><strong>et</strong></span> <span class='ocrx_word' id='word_1_83' title='bbox 964 1652 1130 1733; x_wconf 62' lang='lat' dir='ltr'><strong>aetionum</strong></span> 
     </span>
     <span class='ocr_line' id='line_1_14' title="bbox 216 1748 1130 1859; baseline 0.001 -30"><span class='ocrx_word' id='word_1_84' title='bbox 216 1759 401 1830; x_wconf 88' lang='lat' dir='ltr'><strong>metiuntur</strong></span> <span class='ocrx_word' id='word_1_85' title='bbox 419 1749 615 1830; x_wconf 74' lang='lat' dir='ltr'><strong>effedinrum</strong></span> <span class='ocrx_word' id='word_1_86' title='bbox 638 1748 874 1852; x_wconf 83' lang='lat' dir='ltr'><strong>magnitudine.</strong></span> <span class='ocrx_word' id='word_1_87' title='bbox 948 1761 990 1834; x_wconf 87' lang='lat' dir='ltr'><strong>In</strong></span> <span class='ocrx_word' id='word_1_88' title='bbox 1017 1762 1130 1859; x_wconf 72' lang='lat' dir='ltr'><strong>quibus</strong></span> 
     </span>
     <span class='ocr_line' id='line_1_15' title="bbox 216 1852 924 1961; baseline 0.003 -30"><span class='ocrx_word' id='word_1_89' title='bbox 216 1854 354 1961; x_wconf 67' lang='lat' dir='ltr'><strong>spediari</strong></span> <span class='ocrx_word' id='word_1_90' title='bbox 369 1852 472 1931; x_wconf 85' lang='lat' dir='ltr'><strong>solent</strong></span> <span class='ocrx_word' id='word_1_91' title='bbox 482 1884 621 1957; x_wconf 72' lang='lat' dir='ltr'><strong>genera,</strong></span> <span class='ocrx_word' id='word_1_92' title='bbox 642 1863 693 1929; x_wconf 85' lang='lat' dir='ltr'><strong>uis</strong></span> <span class='ocrx_word' id='word_1_93' title='bbox 710 1875 745 1931; x_wconf 84' lang='lat' dir='ltr'><strong>et</strong></span> <span class='ocrx_word' id='word_1_94' title='bbox 759 1880 924 1934; x_wconf 75' lang='lat' dir='ltr'><strong>nanterus.</strong></span> 
     </span>
    </p>

    <p class='ocr_par' dir='ltr' id='par_1_5' title="bbox 217 1954 1135 2996">
     <span class='ocr_line' id='line_1_16' title="bbox 272 1954 1131 2059; baseline 0.003 -25"><span class='ocrx_word' id='word_1_95' title='bbox 272 1970 336 2036; x_wconf 79' lang='lat'><strong>26.</strong></span> <span class='ocrx_word' id='word_1_96' title='bbox 364 1965 494 2036; x_wconf 77' lang='lat' dir='ltr'><strong>Genera</strong></span> <span class='ocrx_word' id='word_1_97' title='bbox 513 1957 686 2046; x_wconf 88' lang='lat' dir='ltr'><strong>differunt,</strong></span> <span class='ocrx_word' id='word_1_98' title='bbox 725 1979 760 2032; x_wconf 90' lang='lat' dir='ltr'><strong>vt</strong></span> <span class='ocrx_word' id='word_1_99' title='bbox 778 1954 844 2059; x_wconf 86' lang='lat' dir='ltr'><strong>ipsa</strong></span> <span class='ocrx_word' id='word_1_100' title='bbox 870 1956 956 2035; x_wconf 87' lang='lat' dir='ltr'><strong>bona</strong></span> <span class='ocrx_word' id='word_1_101' title='bbox 977 1981 1010 2041; x_wconf 80' lang='lat' dir='ltr'><strong>et</strong></span> <span class='ocrx_word' id='word_1_102' title='bbox 1030 1964 1131 2055; x_wconf 82' lang='lat' dir='ltr'><strong>maia‚&#39;</strong></span> 
     </span>
     <span class='ocr_line' id='line_1_17' title="bbox 218 2060 1135 2165; baseline 0.001 -26"><span class='ocrx_word' id='word_1_103' title='bbox 218 2091 303 2165; x_wconf 88' lang='lat' dir='ltr'><strong>quae</strong></span> <span class='ocrx_word' id='word_1_104' title='bbox 324 2065 378 2138; x_wconf 87' lang='lat' dir='ltr'><strong>vel</strong></span> <span class='ocrx_word' id='word_1_105' title='bbox 399 2070 500 2141; x_wconf 88' lang='lat' dir='ltr'><strong>animi</strong></span> <span class='ocrx_word' id='word_1_106' title='bbox 522 2060 612 2151; x_wconf 84' lang='lat' dir='ltr'><strong>suut,</strong></span> <span class='ocrx_word' id='word_1_107' title='bbox 638 2062 692 2140; x_wconf 82' lang='lat' dir='ltr'><strong>vel</strong></span> <span class='ocrx_word' id='word_1_108' title='bbox 706 2069 870 2163; x_wconf 80' lang='lat' dir='ltr'><strong>corporis,</strong></span> <span class='ocrx_word' id='word_1_109' title='bbox 894 2065 948 2137; x_wconf 88' lang='lat' dir='ltr'><strong>vel</strong></span> <span class='ocrx_word' id='word_1_110' title='bbox 961 2062 1135 2149; x_wconf 61' lang='lat' dir='ltr'><strong>furtunae:</strong></span> 
     </span>
     <span class='ocr_line' id='line_1_18' title="bbox 221 2168 1130 2271; baseline -0.004 -30"><span class='ocrx_word' id='word_1_111' title='bbox 221 2173 298 2242; x_wconf 86' lang='lat' dir='ltr'><strong>item</strong></span> <span class='ocrx_word' id='word_1_112' title='bbox 313 2169 368 2248; x_wconf 86' lang='lat' dir='ltr'><strong>vel</strong></span> <span class='ocrx_word' id='word_1_113' title='bbox 380 2175 522 2271; x_wconf 85' lang='lat' dir='ltr'><strong>priuata,</strong></span> <span class='ocrx_word' id='word_1_114' title='bbox 543 2168 594 2247; x_wconf 89' lang='lat' dir='ltr'><strong>vel</strong></span> <span class='ocrx_word' id='word_1_115' title='bbox 614 2172 804 2242; x_wconf 87' lang='lat' dir='ltr'><strong>communia</strong></span> <span class='ocrx_word' id='word_1_116' title='bbox 823 2186 856 2241; x_wconf 84' lang='lat' dir='ltr'><strong>et</strong></span> <span class='ocrx_word' id='word_1_117' title='bbox 873 2168 1014 2268; x_wconf 87' lang='lat' dir='ltr'><strong>publica.</strong></span> <span class='ocrx_word' id='word_1_118' title='bbox 1067 2178 1130 2245; x_wconf 85' lang='lat' dir='ltr'><strong>Ita.</strong></span> 
     </span>
     <span class='ocr_line' id='line_1_19' title="bbox 220 2268 1129 2373; baseline 0.002 -27"><span class='ocrx_word' id='word_1_119' title='bbox 220 2300 283 2373; x_wconf 88' lang='lat' dir='ltr'><strong>que</strong></span> <span class='ocrx_word' id='word_1_120' title='bbox 304 2269 501 2348; x_wconf 66' lang='lat' dir='ltr'><strong>effecturum</strong></span> <span class='ocrx_word' id='word_1_121' title='bbox 522 2268 641 2349; x_wconf 87' lang='lat' dir='ltr'><strong>eadem</strong></span> <span class='ocrx_word' id='word_1_122' title='bbox 661 2275 863 2371; x_wconf 76' lang='lat' dir='ltr'><strong>comparatio</strong></span> <span class='ocrx_word' id='word_1_123' title='bbox 881 2270 946 2367; x_wconf 82' lang='lat' dir='ltr'><strong>est,</strong></span> <span class='ocrx_word' id='word_1_124' title='bbox 993 2302 1052 2349; x_wconf 81' lang='lat' dir='ltr'><strong>uae</strong></span> <span class='ocrx_word' id='word_1_125' title='bbox 1071 2277 1129 2348; x_wconf 77' lang='lat' dir='ltr'><strong>bo-</strong></span> 
     </span>
     <span class='ocr_line' id='line_1_20' title="bbox 220 2303 1130 2481; baseline -0.002 -30"><span class='ocrx_word' id='word_1_126' title='bbox 220 2403 341 2451; x_wconf 87' lang='lat' dir='ltr'><strong>norum</strong></span> <span class='ocrx_word' id='word_1_127' title='bbox 358 2374 584 2451; x_wconf 79' lang='lat' dir='ltr'><strong>etmalorum:</strong></span> <span class='ocrx_word' id='word_1_128' title='bbox 608 2395 761 2476; x_wconf 87' lang='lat' dir='ltr'><strong>tantoque</strong></span> <span class='ocrx_word' id='word_1_129' title='bbox 782 2378 886 2447; x_wconf 80' lang='lat' dir='ltr'><strong>maius</strong></span> <span class='ocrx_word' id='word_1_130' title='bbox 900 2303 1054 2477; x_wconf 81' lang='lat' dir='ltr'><strong>quodque</strong></span> <span class='ocrx_word' id='word_1_131' title='bbox 1068 2406 1130 2481; x_wconf 73' lang='lat' dir='ltr'><strong>pu·</strong></span> 
     </span>
     <span class='ocr_line' id='line_1_21' title="bbox 224 2472 1129 2579; baseline 0.006 -30"><span class='ocrx_word' id='word_1_132' title='bbox 224 2498 326 2567; x_wconf 78' lang='lat' dir='ltr'><strong>tatur,</strong></span> <span class='ocrx_word' id='word_1_133' title='bbox 346 2501 464 2579; x_wconf 90' lang='lat' dir='ltr'><strong>quanto</strong></span> <span class='ocrx_word' id='word_1_134' title='bbox 486 2485 591 2556; x_wconf 85' lang='lat' dir='ltr'><strong>maius</strong></span> <span class='ocrx_word' id='word_1_135' title='bbox 613 2485 649 2553; x_wconf 91' lang='lat' dir='ltr'><strong>in</strong></span> <span class='ocrx_word' id='word_1_136' title='bbox 667 2472 726 2579; x_wconf 82' lang='lat' dir='ltr'><strong>suo</strong></span> <span class='ocrx_word' id='word_1_137' title='bbox 739 2472 856 2578; x_wconf 84' lang='lat' dir='ltr'><strong>genere</strong></span> <span class='ocrx_word' id='word_1_138' title='bbox 870 2479 923 2558; x_wconf 79' lang='lat' dir='ltr'><strong>vel</strong></span> <span class='ocrx_word' id='word_1_139' title='bbox 935 2479 1060 2559; x_wconf 81' lang='lat' dir='ltr'><strong>bonnm</strong></span> <span class='ocrx_word' id='word_1_140' title='bbox 1077 2483 1129 2566; x_wconf 85' lang='lat' dir='ltr'><strong>vel</strong></span> 
     </span>
     <span class='ocr_line' id='line_1_22' title="bbox 224 2581 1129 2685; baseline 0.001 -28"><span class='ocrx_word' id='word_1_141' title='bbox 224 2581 473 2663; x_wconf 76' lang='lat' dir='ltr'><strong>malum-habet.</strong></span> <span class='ocrx_word' id='word_1_142' title='bbox 527 2587 673 2659; x_wconf 74' lang='lat' dir='ltr'><strong>Maiotea</strong></span> <span class='ocrx_word' id='word_1_143' title='bbox 690 2588 796 2683; x_wconf 86' lang='lat' dir='ltr'><strong>itaque</strong></span> <span class='ocrx_word' id='word_1_144' title='bbox 819 2600 971 2685; x_wconf 75' lang='lat' dir='ltr'><strong>putantur</strong></span> <span class='ocrx_word' id='word_1_145' title='bbox 988 2611 1037 2657; x_wconf 84' lang='lat' dir='ltr'><strong>tes</strong></span> <span class='ocrx_word' id='word_1_146' title='bbox 1059 2613 1129 2675; x_wconf 83' lang='lat' dir='ltr'><strong>eae,</strong></span> 
     </span>
     <span class='ocr_line' id='line_1_23' title="bbox 222 2689 1127 2790; baseline 0.004 -31"><span class='ocrx_word' id='word_1_147' title='bbox 222 2689 376 2789; x_wconf 79' lang='lat' dir='ltr'><strong>aquibus</strong></span> <span class='ocrx_word' id='word_1_148' title='bbox 396 2692 516 2774; x_wconf 85' lang='lat' dir='ltr'><strong>animi,</strong></span> <span class='ocrx_word' id='word_1_149' title='bbox 544 2713 644 2790; x_wconf 84' lang='lat' dir='ltr'><strong>quam</strong></span> <span class='ocrx_word' id='word_1_150' title='bbox 666 2691 830 2788; x_wconf 80' lang='lat' dir='ltr'><strong>corporis3</strong></span> <span class='ocrx_word' id='word_1_151' title='bbox 865 2690 946 2763; x_wconf 82' lang='lat' dir='ltr'><strong>item</strong></span> <span class='ocrx_word' id='word_1_152' title='bbox 969 2695 1127 2789; x_wconf 76' lang='lat' dir='ltr'><strong>corporis,</strong></span> 
     </span>
     <span class='ocr_line' id='line_1_24' title="bbox 218 2788 1126 2896; baseline 0.008 -34"><span class='ocrx_word' id='word_1_153' title='bbox 218 2818 322 2891; x_wconf 80' lang='lat' dir='ltr'><strong>quain</strong></span> <span class='ocrx_word' id='word_1_154' title='bbox 332 2789 505 2881; x_wconf 78' lang='lat' dir='ltr'><strong>futtunae3</strong></span> <span class='ocrx_word' id='word_1_155' title='bbox 530 2821 549 2865; x_wconf 87' lang='lat' dir='ltr'><strong>a</strong></span> <span class='ocrx_word' id='word_1_156' title='bbox 568 2792 683 2895; x_wconf 84' lang='lat' dir='ltr'><strong>quibus</strong></span> <span class='ocrx_word' id='word_1_157' title='bbox 707 2788 844 2892; x_wconf 83' lang='lat' dir='ltr'><strong>denique</strong></span> <span class='ocrx_word' id='word_1_158' title='bbox 859 2790 1008 2889; x_wconf 79' lang='lat' dir='ltr'><strong>publica,</strong></span> <span class='ocrx_word' id='word_1_159' title='bbox 1026 2822 1126 2896; x_wconf 84' lang='lat' dir='ltr'><strong>quam</strong></span> 
     </span>
     <span class='ocr_line' id='line_1_25' title="bbox 217 2896 928 2996; baseline 0.003 -30"><span class='ocrx_word' id='word_1_160' title='bbox 217 2923 237 2966; x_wconf 84' lang='lat' dir='ltr'><strong>a</strong></span> <span class='ocrx_word' id='word_1_161' title='bbox 251 2898 368 2996; x_wconf 78' lang='lat' dir='ltr'><strong>quibus</strong></span> <span class='ocrx_word' id='word_1_162' title='bbox 381 2901 504 2995; x_wconf 88' lang='lat' dir='ltr'><strong>priuata</strong></span> <span class='ocrx_word' id='word_1_163' title='bbox 518 2897 603 2975; x_wconf 85' lang='lat' dir='ltr'><strong>bona</strong></span> <span class='ocrx_word' id='word_1_164' title='bbox 616 2896 666 2973; x_wconf 85' lang='lat' dir='ltr'><strong>vel</strong></span> <span class='ocrx_word' id='word_1_165' title='bbox 677 2896 766 2972; x_wconf 86' lang='lat' dir='ltr'><strong>mala</strong></span> <span class='ocrx_word' id='word_1_166' title='bbox 782 2899 928 2971; x_wconf 81' lang='lat' dir='ltr'><strong>veniunt.</strong></span> 
     </span>
    </p>

    <p class='ocr_par' dir='ltr' id='par_1_6' title="bbox 186 2994 1150 3925">
     <span class='ocr_line' id='line_1_26' title="bbox 273 2994 1129 3089; baseline -0.002 -16"><span class='ocrx_word' id='word_1_167' title='bbox 273 3025 335 3089; x_wconf 71' lang='grc' dir='ltr'><strong>ογ.</strong></span> <span class='ocrx_word' id='word_1_168' title='bbox 361 3002 400 3076; x_wconf 85' lang='lat' dir='ltr'><em>V</em></span> <span class='ocrx_word' id='word_1_169' title='bbox 400 3006 429 3076; x_wconf 82' lang='lat' dir='ltr'><strong>is</strong></span> <span class='ocrx_word' id='word_1_170' title='bbox 447 2997 562 3075; x_wconf 88' lang='lat' dir='ltr'><strong>deinde</strong></span> <span class='ocrx_word' id='word_1_171' title='bbox 585 2996 778 3082; x_wconf 72' lang='lat' dir='ltr'><strong>effestorum</strong></span> <span class='ocrx_word' id='word_1_172' title='bbox 793 2994 978 3075; x_wconf 79' lang='lat' dir='ltr'><strong>aestimatur</strong></span> <span class='ocrx_word' id='word_1_173' title='bbox 994 3025 1012 3075; x_wconf 83' lang='lat' dir='ltr'><strong>e</strong></span> <span class='ocrx_word' id='word_1_174' title='bbox 1028 3002 1129 3075; x_wconf 69' lang='lat' dir='ltr'><strong>dum</strong></span> 
     </span>
     <span class='ocr_line' id='line_1_27' title="bbox 217 3103 1129 3199; baseline -0.001 -22"><span class='ocrx_word' id='word_1_175' title='bbox 217 3109 302 3178; x_wconf 76' lang='lat' dir='ltr'><strong>tinne</strong></span> <span class='ocrx_word' id='word_1_176' title='bbox 322 3122 355 3175; x_wconf 90' lang='lat' dir='ltr'><strong>et</strong></span> <span class='ocrx_word' id='word_1_177' title='bbox 376 3111 541 3179; x_wconf 72' lang='lat' dir='ltr'><strong>celeritate.</strong></span> <span class='ocrx_word' id='word_1_178' title='bbox 593 3108 684 3180; x_wconf 87' lang='lat' dir='ltr'><strong>Nam</strong></span> <span class='ocrx_word' id='word_1_179' title='bbox 708 3122 744 3175; x_wconf 90' lang='lat' dir='ltr'><strong>vt</strong></span> <span class='ocrx_word' id='word_1_180' title='bbox 764 3126 908 3199; x_wconf 86' lang='lat' dir='ltr'><strong>quaeque</strong></span> <span class='ocrx_word' id='word_1_181' title='bbox 929 3129 979 3181; x_wconf 78' lang='lat' dir='ltr'><strong>res</strong></span> <span class='ocrx_word' id='word_1_182' title='bbox 996 3103 1129 3186; x_wconf 73' lang='lat' dir='ltr'><strong>celerius</strong></span> 
     </span>
     <span class='ocr_line' id='line_1_28' title="bbox 217 3203 1129 3308; baseline 0 -26"><span class='ocrx_word' id='word_1_183' title='bbox 217 3204 339 3308; x_wconf 83' lang='lat' dir='ltr'><strong>aliquid</strong></span> <span class='ocrx_word' id='word_1_184' title='bbox 365 3203 458 3285; x_wconf 75' lang='lat' dir='ltr'><strong>affert</strong></span> <span class='ocrx_word' id='word_1_185' title='bbox 479 3228 533 3281; x_wconf 89' lang='lat' dir='ltr'><strong>aut</strong></span> <span class='ocrx_word' id='word_1_186' title='bbox 555 3212 702 3293; x_wconf 82' lang='lat' dir='ltr'><strong>bonnm,</strong></span> <span class='ocrx_word' id='word_1_187' title='bbox 724 3222 778 3279; x_wconf 87' lang='lat' dir='ltr'><strong>aut</strong></span> <span class='ocrx_word' id='word_1_188' title='bbox 797 3204 943 3293; x_wconf 77' lang='lat' dir='ltr'><strong>malum,</strong></span> <span class='ocrx_word' id='word_1_189' title='bbox 965 3235 1006 3285; x_wconf 87' lang='lat' dir='ltr'><strong>eo</strong></span> <span class='ocrx_word' id='word_1_190' title='bbox 1021 3214 1129 3287; x_wconf 82' lang='lat' dir='ltr'><strong>maior</strong></span> 
     </span>
     <span class='ocr_line' id='line_1_29' title="bbox 217 3311 1129 3407; baseline -0.001 -22"><span class='ocrx_word' id='word_1_191' title='bbox 217 3313 391 3387; x_wconf 54' lang='lat' dir='ltr'><strong>habetne</strong></span> <span class='ocrx_word' id='word_1_192' title='bbox 438 3313 549 3387; x_wconf 87' lang='lat' dir='ltr'><strong>Veluti</strong></span> <span class='ocrx_word' id='word_1_193' title='bbox 570 3320 674 3387; x_wconf 88' lang='lat' dir='ltr'><strong>maior</strong></span> <span class='ocrx_word' id='word_1_194' title='bbox 692 3311 844 3407; x_wconf 82' lang='lat' dir='ltr'><strong>Pompeii</strong></span> <span class='ocrx_word' id='word_1_195' title='bbox 861 3314 961 3389; x_wconf 77' lang='lat' dir='ltr'><strong>vinus</strong></span> <span class='ocrx_word' id='word_1_196' title='bbox 980 3317 1014 3383; x_wconf 92' lang='lat' dir='ltr'><strong>in</strong></span> <span class='ocrx_word' id='word_1_197' title='bbox 1037 3312 1129 3395; x_wconf 80' lang='lat' dir='ltr'><strong>bellu</strong></span> 
     </span>
     <span class='ocr_line' id='line_1_30' title="bbox 216 3408 1129 3518; baseline 0.002 -33"><span class='ocrx_word' id='word_1_198' title='bbox 216 3420 358 3515; x_wconf 85' lang='lat' dir='ltr'><strong>piratico</strong></span> <span class='ocrx_word' id='word_1_199' title='bbox 372 3434 518 3515; x_wconf 82' lang='lat' dir='ltr'><strong>putatur,</strong></span> <span class='ocrx_word' id='word_1_200' title='bbox 544 3408 633 3518; x_wconf 82' lang='lat' dir='ltr'><strong>quod</strong></span> <span class='ocrx_word' id='word_1_201' title='bbox 655 3410 864 3515; x_wconf 79' lang='lat' dir='ltr'><strong>quadraginta</strong></span> <span class='ocrx_word' id='word_1_202' title='bbox 887 3411 999 3490; x_wconf 86' lang='lat' dir='ltr'><strong>diebus</strong></span> <span class='ocrx_word' id='word_1_203' title='bbox 1019 3413 1129 3495; x_wconf 81' lang='lat' dir='ltr'><strong>conf·</strong></span> 
     </span>
     <span class='ocr_line' id='line_1_31' title="bbox 218 3518 1130 3621; baseline 0.002 -31"><span class='ocrx_word' id='word_1_204' title='bbox 218 3523 278 3605; x_wconf 82' lang='lat' dir='ltr'><strong>cit‚</strong></span> <span class='ocrx_word' id='word_1_205' title='bbox 303 3524 403 3621; x_wconf 79' lang='lat' dir='ltr'><strong>quain</strong></span> <span class='ocrx_word' id='word_1_206' title='bbox 416 3524 451 3595; x_wconf 89' lang='lat' dir='ltr'><strong>in</strong></span> <span class='ocrx_word' id='word_1_207' title='bbox 465 3521 551 3609; x_wconf 79' lang='lat' dir='ltr'><strong>ali93</strong></span> <span class='ocrx_word' id='word_1_208' title='bbox 572 3528 650 3595; x_wconf 86' lang='lat' dir='ltr'><strong>item</strong></span> <span class='ocrx_word' id='word_1_209' title='bbox 664 3520 766 3597; x_wconf 85' lang='lat' dir='ltr'><strong>Marii</strong></span> <span class='ocrx_word' id='word_1_210' title='bbox 779 3521 813 3591; x_wconf 88' lang='lat' dir='ltr'><strong>in</strong></span> <span class='ocrx_word' id='word_1_211' title='bbox 828 3518 1010 3604; x_wconf 83' lang='lat' dir='ltr'><strong>cimbrico,</strong></span> <span class='ocrx_word' id='word_1_212' title='bbox 1030 3545 1130 3617; x_wconf 73' lang='lat' dir='ltr'><strong>quant</strong></span> 
     </span>
     <span class='ocr_line' id='line_1_32' title="bbox 218 3616 1131 3723; baseline 0 -30"><span class='ocrx_word' id='word_1_213' title='bbox 218 3627 255 3693; x_wconf 91' lang='lat' dir='ltr'><strong>in</strong></span> <span class='ocrx_word' id='word_1_214' title='bbox 269 3628 473 3723; x_wconf 82' lang='lat' dir='ltr'><strong>Iugurthino,</strong></span> <span class='ocrx_word' id='word_1_215' title='bbox 496 3616 505 3639; x_wconf 78' lang='lat'><em>&#39;</em></span> <span class='ocrx_word' id='word_1_216' title='bbox 525 3624 621 3696; x_wconf 89' lang='lat' dir='ltr'><strong>Tum</strong></span> <span class='ocrx_word' id='word_1_217' title='bbox 641 3648 722 3723; x_wconf 87' lang='lat' dir='ltr'><strong>quae</strong></span> <span class='ocrx_word' id='word_1_218' title='bbox 742 3645 790 3697; x_wconf 85' lang='lat' dir='ltr'><strong>res</strong></span> <span class='ocrx_word' id='word_1_219' title='bbox 810 3625 845 3694; x_wconf 92' lang='lat' dir='ltr'><strong>in</strong></span> <span class='ocrx_word' id='word_1_220' title='bbox 858 3623 990 3723; x_wconf 82' lang='lat' dir='ltr'><strong>lougius</strong></span> <span class='ocrx_word' id='word_1_221' title='bbox 1004 3642 1131 3721; x_wconf 80' lang='lat' dir='ltr'><strong>tempus</strong></span> 
     </span>
     <span class='ocr_line' id='line_1_33' title="bbox 186 3718 1129 3892; baseline -0.011 -85"><span class='ocrx_word' id='word_1_222' title='bbox 186 3800 190 3807; x_wconf 93' lang='lat'>.</span> <span class='ocrx_word' id='word_1_223' title='bbox 217 3718 375 3828; x_wconf 71' lang='lat' dir='ltr'><strong>prosunt,</strong></span> <span class='ocrx_word' id='word_1_224' title='bbox 407 3732 546 3809; x_wconf 77' lang='lat' dir='ltr'><strong>maiores</strong></span> <span class='ocrx_word' id='word_1_225' title='bbox 568 3723 717 3805; x_wconf 86' lang='lat' dir='ltr'><strong>videntur</strong></span> <span class='ocrx_word' id='word_1_226' title='bbox 742 3729 799 3817; x_wconf 77' lang='lat' dir='ltr'><strong>iis,</strong></span> <span class='ocrx_word' id='word_1_227' title='bbox 830 3731 970 3831; x_wconf 79' lang='lat' dir='ltr'><strong>quaein</strong></span> <span class='ocrx_word' id='word_1_228' title='bbox 993 3725 1129 3892; x_wconf 49' lang='lat' dir='ltr'><strong>brugun</strong></span> 
     </span>
     <span class='ocr_line' id='line_1_34' title="bbox 204 3830 1150 3925; baseline 0 -1"><span class='ocrx_word' id='word_1_229' title='bbox 204 3859 210 3869; x_wconf 92' lang='lat'><strong>·</strong></span> <span class='ocrx_word' id='word_1_230' title='bbox 450 3856 453 3861; x_wconf 89' lang='lat'>·</span> <span class='ocrx_word' id='word_1_231' title='bbox 703 3830 745 3925; x_wconf 71' lang='lat' dir='ltr'><strong>(B</strong></span> <span class='ocrx_word' id='word_1_232' title='bbox 771 3832 813 3925; x_wconf 62' lang='lat' dir='ltr'><strong>si</strong></span> <span class='ocrx_word' id='word_1_233' title='bbox 1092 3842 1150 3905; x_wconf 57' lang='lat' dir='ltr'><strong>eu·</strong></span> 
     </span>
    </p>
   </div>
   <div class='ocr_carea' id='block_1_3' title="bbox 0 0 1360 4434">
    <p class='ocr_par' dir='ltr' id='par_1_7' title="bbox 0 0 1360 4434">
     <span class='ocr_line' id='line_1_35' title="bbox 0 0 1360 4434; baseline 0 0"><span class='ocrx_word' id='word_1_234' title='bbox 0 0 1360 4434; x_wconf 95' lang='lat' dir='ltr'><strong> </strong></span> 
     </span>
    </p>
   </div>
  </div>
 </body>
</html>
