2709 4434
248 314 417 441 ¹Cap-VL
459 341 778 421 Demetriacus
791 342 1019 419 Deliberatini.
1062 365 1107 434 ⁴¹
1153 320 1156 325 ¹

204 537 366 611 obiicitur.
417 529 501 621 Sed,
526 529 700 635 quomodo
721 558 763 605 ex
782 536 831 605 his
845 531 1111 632 iocisargumen

203 660 236 715 ta
262 646 307 733 in¹
323 636 457 736 singulis
478 633 581 713 ceusu
606 634 784 722 ducantur,
807 634 842 711 id
868 624 1001 737 quidem
1023 636 1111 711 haud

202 744 318 846 paullo
341 737 507 817 difficilius·
521 740 587 828 est,
622 738 872 817 accommodate
897 734 940 814 ad
966 736 1113 842 persona·

173 851 180 858 “
204 875 301 933 rum,
322 865 523 947 temporum,
543 845 762 946 locorumque
785 850 948 919 rationem
961 849 1115 944 reperire,

206 978 307 1052 quarn
330 949 446 1050 vulgus
466 949 636 1025 existimat.
688 954 777 1024 Nam
798 945 944 1031 vniucrsa
966 942 1113 1021 Philoso-

205 1060 347 1154 phorum
367 1045 563 1156 de'fiogulia
584 1050 712 1149 decreta
726 1049 822 1140 scire,
844 1051 877 1126 id
890 1047 1026 1155 quidem
1040 1054 1113 1125 Phi·

156 1149 159 1161 ⁸
202 1155 333 1261 Iosophi
348 1153 554 1256 disputationi
567 1154 745 1245 suffecerit,
764 1184 834 1232 non
855 1154 1030 1258 prudenter
1046 1150 1113 1228 sua·

202 1261 282 1337 dere
304 1281 359 1336 aut
380 1257 558 1335 diffundere
579 1261 769 1337 instituentis
792 1267 937 1335 oratione
951 1259 1115 1362 populari,
1130 1266 1147 1365 ’1

203 1372 242 1439 in
265 1393 329 1464 qua
351 1366 429 1462 plus
455 1361 526 1438 usus
557 1388 665 1438 terum
691 1386 724 1440 et
756 1370 953 1465 experientia
983 1363 1113 1439 valebit.

207 1475 306 1539 Vnus
322 1465 378 1537 itte
391 1467 501 1554 locus,
525 1465 566 1540 de
585 1470 677 1541 rebus
697 1467 739 1541 ad
748 1470 1007 1543 beneuolentianr
1022 1496 1115 1541 com·

206 1567 391 1669 parandam
406 1569 554 1657 utilibus,
577 1566 619 1643 ad
633 1567 803 1671 personant
818 1579 973 1674 principis
988 1577 1114 1646 Rorna-

175 1745 183 1765 ,
204 1678 241 1745 ni
253 1670 507 1755 accommodate
520 1676 689 1762 tradatur,
708 1683 809 1749 etiam
830 1683 863 1750 in
886 1673 990 1750 subtili
1009 1673 1116 1778 dispu-

203 1781 346 1862 tatione,
365 1797 472 1851 toturn
495 1805 596 1882 prope
615 1777 736 1856 tibrum
755 1778 933 1856 fecundum
947 1785 1116 1856 Ciceronis

205 1879 246 1953 de
261 1877 526 1983 Officiis.e1plet.
603 1948 607 1965 ,
636 1940 651 1973 ·;

257 2008 320 2074 7²·
347 1983 502 2081 Vniuersa
515 1980 655 2089 quidem.
662 1992 744 2060 ratio
766 2015 807 2060 ex
822 1986 885 2061 istis
899 1987 979 2060 locis
995 1983 1116 2059 duceri·

204 2081 241 2156 di
261 2087 484 2192 tertiandique
508 2112 698 2191 argumenta
723 2090 881 2191 haeccii,
904 2111 956 2176 vt,
976 2115 1116 2190 quarum
1162 2113 1164 2117 ·

203 2217 315 2265 rerum
341 2188 612 2296 suscipiendarum
638 2196 788 2267 auderes
815 2170 896 2267 no!
907 2192 1116 2295 profitentur,

204 2319 258 2366 θῦε
278 2289 421 2394 ἄγωμεν
437 2296 525 2396 πρὸς
543 2294 585 2372 'ei
608 2295 799 2393 χρήσιμον,
823 2295 885 2382 stc,
910 2318 946 2375 vt
965 2304 1116 2396 primum

205 2396 432 2486 ostendamus,
467 2425 520 2472 eas
539 2393 602 2477 effe
623 2424 701 2468 curn
722 2406 812 2492 parte
831 2395 990 2471 felicitatis
1011 2401 1115 2501 publi·

204 2528 262 2574 cae
282 2509 485 2603 priuataeuc‚
505 2497 547 2573 ad
568 2525 668 2601 quam
690 2495 876 2574 deliberatio
896 2497 1050 2590 refertur,
1077 2500 1115 2576 id

203 2605 296 2707 quod
316 2602 490 2683 obscurum
513 2599 576 2677 effe
595 2628 664 2676 non
681 2602 801 2701 potest,
828 2604 1115 2695 coniundias,¹fie,

202 2731 239 2783 st
258 2737 332 2784 earn
348 2710 399 2785 vel
414 2717 563 2810 gignant,
587 2705 637 2781 vel
650 2702 816 2803 adiuuent,
842 2708 897 2783 vel
911 2705 1115 2800 conseruent,

202 2813 257 2886 vel
278 2836 436 2915 augeant:
467 2811 585 2886 deinde
601 2838 785 2913 augeamus
808 2811 953 2914 srngulas·
967 2835 1072 2917 panea
1093 2840 1115 2891 e

202 2916 285 2992 locis
315 2916 548 3018 magnitudinis
583 2920 660 2991 huic
688 2923 806 3023 generi,
831 2922 1113 3009 conuenientibus,

202 3026 271 3095 hoc
289 3022 390 3110 est‚e
411 3022 490 3095 locis
510 3017 723 3108 adadorum,
745 3026 932 3126 temporum
952 3024 1075 3127 atquel
1099 3067 1113 3088 ·

202 3153 335 3203 corum.
386 3121 597 3204 Diffundeodi
617 3129 778 3199 contraria
798 3124 843 3202 est
864 3131 956 3205 rati0.

259 3257 318 3324 73.
340 3229 517 3304 Profecen't
539 3221 637 3304 etiarn
659 3226 701 3303 ad
716 3223 918 3308 suadendum
931 3229 984 3307 vel
998 3224 1114 3303 diss'uai

204 3332 372 3421 dendum‚
398 3337 485 3409 bona
506 3336 559 3407 vel
578 3335 663 3407 mala
687 3328 772 3433 ipsa,
801 3361 943 3436 quorum
957 3334 1113 3410 velconr-
1147 3394 1157 3420 s

203 3437 445 3537 parandorum,
470 3435 743 3532 vellvitandorum
758 3436 890 3517 constlia
904 3438 1039 3523 damus,
1058 3464 1115 3511 au-

205 3567 285 3640 gere
298 3567 318 3615 e
333 3542 412 3616 locis
426 3539 670 3642 magnitudinis.
723 3544 811 3616 Nam
824 3542 1019 3646 magnitudo
1036 3536 1115 3641 spei,

206 3675 246 3720 ac
260 3664 379 3733 metus,
402 3651 424 3719 i.
439 3673 469 3724 e.
487 3650 566 3723 boni
580 3666 614 3720 et
628 3645 704 3724 mali
719 3647 771 3729 vel
782 3641 930 3748 sperandi
944 3647 996 3719 vel
1011 3663 1115 3716 metu·

207 3748 297 3838 endi,
310 3745 454 3825 incendit
464 3771 579 3836 natura
591 3744 647 3829 sua
661 3750 834 3851 expetendi
847 3747 1038 3853 fugiendiue
1052 3745 1116 3815 stu·

522 3951 526 3959 ,
683 3857 732 3949 (C
761 3865 802 3952 s)
962 3870 964 3875 ·
1031 3842 1163 3932 &mx
