2709 4434
290 290 371 420 cup.
387 317 473 400 Vra
506 316 563 397 ua
576 318 673 395 uoco
686 254 1009 402 emerammi
1061 348 1110 421 45

204 543 321 618 genus.
376 510 552 587 Felicitatis
565 530 674 587 autem
690 518 942 613 cumprimum,
966 532 1037 587 tum
1053 540 1113 615 pu·

204 623 332 704 blicae,
352 642 434 718 quae
453 615 515 689 tint
533 632 656 717 partes,
678 612 835 717 superiori
857 623 961 718 capite
976 616 1113 693 demon·

205 725 344 800 stratum
357 721 427 794 est..
462 719 558 794 Vnde
575 722 630 818 ¹lit,
647 742 682 797 vt
692 722 969 821 iniuriamseeiffr
981 719 1115 812 dicatur,

207 833 396 927 quicunque
414 819 512 898 sciens
531 825 706 927 volensque
726 824 836 925 legem
859 827 957 899 talem
969 825 1115 899 uiolaue-

209 937 271 1016 rit,
293 950 346 1003 aut
365 930 506 1031 aliquam·
525 924 686 1004 felicitatis
704 928 851 1017 alienae,
875 928 945 1003 fiue
967 934 1116 1030 priuatae

209 1033 303 1121 illius,
328 1031 562 1131 liue'publicae,
586 1056 726 1135 partem
747 1033 955 1136 relegenda,
980 1034 1032 1105 vel
1046 1060 1116 1109 non

206 1136 335 1237 agendo
349 1134 489 1211 laeserit:
513 1139 648 1234 offellus
662 1159 772 1210 autem
788 1143 918 1225 iniuria,
933 1142 1028 1210 cuius
1044 1136 1116 1211 feli·

203 1249 282 1316 citas
298 1242 429 1329 alterius
445 1241 541 1337 culpa
556 1238 712 1314 diminute
726 1238 783 1314 est.

262 1361 328 1428 82.
353 1351 459 1438 Atque
473 1348 552 1413 hinc
564 1339 658 1414 facile
670 1362 769 1441 patet,
787 1344 840 1443 qui
862 1340 922 1414 lint
932 1340 1010 1428 loci,
1027 1338 1115 1415 vnde

211 1463 246 1516 et
266 1440 441 1516 accusandi
460 1462 493 1514 et
515 1438 710 1517 defendendi
730 1464 920 1542 argumenta
947 1442 1116 1533 ducantur,

214 1549 270 1619 vbi
286 1542 432 1619 de'fallo
445 1544 564 1649 liquet:
588 1574 710 1649 nempe
729 1546 818 1645 leges
840 1566 872 1619 et
891 1566 995 1649 partes
1011 1547 1114 1621 felici·

208 1655 284 1723 tatis
298 1654 481 1736 humanae,
499 1651 647 1750 publicae
665 1657 890 1752 priuataeque,
910 1652 1025 1752 quibus
1044 1659 1115 1726 vio·

206 1752 313 1828 laudis
336 1751 620 1856 diminuenditque
639 1760 753 1827 iniuria
773 1755 845 1829 fieri
857 1774 996 1856 putatur.
1048 1753 1114 1829 Sed

203 1884 248 1932 ex
277 1862 328 1933 his
358 1856 440 1930 locis
464 1856 638 1959 quomodo
669 1880 862 1959 argumenta
885 1866 921 1933 in
947 1883 1115 1963 utramque

203 1983 334 2065 partem
352 1957 540 2052 sumantur,
560 1959 740 2037 uidendum
756 1962 813 2037 est.
869 1956 873 1961 ’

266 2082 324 2153 83.
346 2068 399 2137 Ab
412 2070 480 2166 legs
493 2072 593 2168 igitur
605 2087 795 2167 argumenta
815 2069 851 2139 in
862 2084 1030 2167 utramque
1044 2092 1116 2164 par·
1191 2076 1196 2085 '

210 2188 279 2241 tem
294 2166 477 2254 ducuntur,
501 2178 648 2270 primum
666 2177 949 2266 interpretatione,
975 2180 1054 2242 curn
1074 2167 1117 2243 de

208 2266 302 2346 seusu
313 2274 396 2373 legis
408 2281 582 2375 quaerimur,
601 2295 637 2346 vt
652 2295 813 2377 appareat,
832 2269 969 2347 subsrtne
988 2273 1117 2348 sallum

210 2376 293 2476 legi,
309 2404 369 2450 uec
384 2405 425 2449 ne
434 2388 445 2448 τ’
469 2405 550 2479 quae
565 2384 717 2479 periture
733 2375 963 2453 consuetudine
981 2378 1117 2479 loquen-

179 2570 181 2577 .
214 2477 269 2565 di,
289 2480 365 2581 legis
379 2488 522 2569 ratione,
542 2504 576 2555 et
592 2479 726 2556 coufilio
744 2483 952 2582 legislatoris,
978 2480 1117 2582 denique

213 2582 335 2657 iudicio
348 2585 564 2685 prudentum,
589 2613 665 2661 cum
685 2584 838 2675 docetur,
858 2583 985 2686 semper
1006 2586 1118 2686 legem

209 2686 256 2762 fic
271 2690 475 2763 intellellam
489 2686 562 2779 effe,
583 2713 618 2765 vt
633 2691 794 2765 volumus.
846 2698 885 2764 ln
897 2716 963 2791 quo
979 2684 1057 2762 solet
1069 2697 1117 2763 in·

209 2790 343 2865 terdum
373 2789 529 2868 sententia
556 2791 704 2869 aduersus
737 2793 892 2895 scriptum
926 2788 1057 2866 defendi
1084 2812 1117 2866 et

207 2916 345 2970 eontra:
367 2893 540 2998 scriptum,
565 2928 642 2974 cum
658 2901 745 3000 leges
759 2925 875 2973 omues
890 2893 1006 2969 frustra
1017 2896 1117 2985 datas,

210 3006 314 3073 irritas
337 3026 378 3077 ue
396 2998 469 3074 sore
492 3000 595 3094 dicas,
615 3003 725 3078 iinon
738 3003 777 3076 lit
792 2999 939 3074 standum
955 3004 1058 3075 verbis
1074 3001 1117 3075 le·

211 3109 279 3204 gis3
311 3030 482 3195 lqeutentia,
508 3136 586 3184 cum
603 3106 710 3195 dicas,
729 3104 881 3190 salutem,
903 3123 935 3176 et
949 3108 1118 3179 utilitatem

210 3207 401 3309 publicam,
425 3218 637 3314 aequitatem,
663 3212 790 3310 legibus
811 3229 842 3280 et
862 3211 1046 3284 aulloribus
1067 3237 1118 3283 ea·

210 3338 288 3385 rum
312 3312 512 3415 propolitam
532 3311 644 3404 soille,
661 3342 760 3417 quam
785 3314 941 3401 conuelli,
967 3312 992 3386 fi
1014 3317 1118 3386 verbis

211 3413 366 3491 flandum
381 3415 437 3506 fite
462 3427 655 3522 aequitatem
668 3438 827 3506 onmem,
848 3415 879 3493 st,
889 3414 1054 3492 summum
1070 3425 1120 3490 ius

211 3514 425 3622 sequendum.
527 3542 530 3547 ·

268 3643 330 3713 84.
351 3626 442 3699 Alter
456 3621 577 3697 modus
594 3621 639 3695 ell
653 3626 688 3693 in
701 3625 854 3724 oookgio
868 3644 900 3698 et
915 3628 1121 3715 comparatio·

213 3753 264 3816 or,
275 3749 397 3806 veteres
411 3733 683 3807 ratiocinationem
699 3748 828 3816 vocant,
851 3755 927 3801 cum
943 3724 1032 3803 dere
1046 3745 1120 3818 pro·

1022 3818 1099 3924 ,aa
