2709 4434
144 413 147 422 ,
265 364 344 439 '108
398 352 539 427 Parni.
576 349 658 426 Seii.
673 357 740 429 III.
773 356 831 429 De'
844 358 1026 429 laniatione
1036 349 1181 455 spetiali.
1227 435 1229 478 ι

267 529 313 617 de
328 565 390 644 qua
406 539 533 618 ditium
546 538 603 625 est,
626 560 786 627 naturam,
807 561 840 616 et
854 537 1077 645 personarum,
1101 566 1185 643 quaa

268 644 459 722 indicendo
474 650 694 731 tradauimus,
708 644 945 732 conditionem,
952 674 1071 734 mores,
1094 645 1186 724 fadia

269 753 545 825 examinabimus:
584 775 689 849 neque
712 776 749 822 ea
768 771 819 822 ter
845 756 1021 852 praeceptis
1052 750 1186 828 videtur

269 853 427 955 indigere.
448 860 528 955 Qis
543 858 632 925 enim
645 877 715 924 non
729 854 897 951 intelligat,
910 883 941 927 v.
955 882 988 953 g.
1003 853 1029 926 st
1044 851 1088 929 de
1101 863 1187 933 iniu-

269 967 318 1037 ria
333 964 451 1046 atroci,
471 985 509 1030 ac
531 952 676 1030 facinore
695 959 805 1030 atium
825 956 881 1045 fit,
906 956 1185 1057 indignationem,

269 1061 441 1148 inuidiam,
455 1059 593 1134 odium:
617 1056 698 1132 side
714 1062 884 1149 beneficio,
905 1062 1075 1155 laetitiam,
1088 1091 1186 1142 amo·

268 1194 343 1242 rem
360 1162 575 1239 benefactoris
591 1170 799 1239 commoneri
814 1162 953 1240 debere?
972 1185 1038 1246 etc.

324 1294 410 1359 237.
428 1267 585 1348 Inmodo
598 1287 707 1341 autem
722 1273 920 1355 animorum,
933 1269 985 1344 vel
999 1268 1186 1347 incitando·

213 1364 214 1368 ¹
268 1398 366 1458 tum,
384 1374 436 1446 vel
448 1372 706 1460 dedendomm,
732 1370 800 1446 duo
818 1369 989 1475 spedianda
1003 1369 1099 1461 suut,
1120 1380 1187 1478 pri·

247 1467 366 1552 ‘mum
379 1501 572 1577 argumenta
586 1497 617 1550 et
631 1469 821 1563 sententiae,
842 1474 961 1552 deinde
981 1503 1099 1552 eornm
1124 1500 1186 1554 tra·

157 1665 161 1682 Ι
268 1584 381 1657 diario,
434 1587 637 1680 Argumenta
659 1580 793 1677 quidem
814 1599 847 1657 et
858 1578 1031 1654 sententiae
1046 1578 1142 1661 vnde
1157 1602 1186 1658 et

290 1681 442 1760 uomodo
458 1684 628 1767 ducantur,
640 1679 766 1757 didium
780 1682 826 1758 est
841 1682 918 1759 loco
932 1683 1098 1785 eo,queni
1113 1713 1186 1761 mo·
1227 1697 1229 1702 '

264 1713 317 1862 do
330 1788 557 1863 iudicauimus.
594 1792 722 1859 Eorum
736 1808 847 1860 autem
861 1790 1009 1862 trattatio
1023 1796 1090 1863 tria
1104 1787 1186 1868 defi-

262 1890 379 1984 derat,
400 1895 546 1992 primum
567 1889 877 1988 amplificationem,
899 1889 966 1963 stuc
979 1902 1185 1968 extenuatio·

267 2015 398 2080 namet
411 1999 710 2093 exaggerationem,
717 1989 758 2065 de
771 2020 832 2097 qua
848 1983 915 2093 insa
931 1992 1078 2072 diximus
1091 1994 1183 2072 satis:

265 2094 390 2173 deinde
413 2098 534 2196 figuras
556 2092 710 2195 quasdam
730 2116 762 2169 et
783 2096 873 2198 quafi
890 2098 997 2198 gessus
1011 2106 1183 2190 orationis,

241 2205 245 2223 ⁵
263 2202 379 2305 quales
391 2195 464 2275 sunt
477 2206 708 2300 interrogatio,
730 2201 942 2289 exclamatio,
971 2204 1184 2306 apostrophe,

145 2329 148 2334 ·
266 2302 785 2409 prosopopoeia,hypotypofis,
810 2305 972 2408 aliaeque,
1001 2306 1184 2411 dequibus

168 2475 169 2480 ,
203 2445 205 2450 ·
265 2417 360 2488 Parte
390 2411 487 2484 altera
514 2405 678 2481 dicemus:
713 2407 852 2510 deniquo
879 2413 1042 2489 amonem
1067 2435 1102 2490 et
1125 2441 1186 2489 vo·

261 2538 356 2601 uena,
376 2541 459 2615 quae
474 2509 638 2612 adspediu,
659 2512 713 2587 vel
726 2509 849 2600 auditu,
862 2519 1026 2601 incendat,
1042 2518 1100 2591 vel
1115 2520 1185 2620 pla·
1227 2513 1229 2518 ⁵

266 2617 522 2694 oetauditorem.
543 2617 605 2691 sed
621 2637 745 2717 praeter
756 2637 889 2693 naturae
899 2628 1185 2718 opportunitatem

262 2728 323 2800 'hic
344 2724 523 2822 plurimum
543 2717 703 2821 profuerit
724 2720 823 2796 leutio
837 2721 1074 2802 Demosthenis.
1085 2749 1185 2829 atque

267 2829 456 2930 Citeronia,
477 2831 531 2927 qui
552 2830 587 2900 in
600 2829 667 2899 hoc
679 2851 799 2924 genere
812 2824 1023 2926 potentitfirni
1034 2825 1185 2911 suerum.

238 2959 242 2966 ’
327 2959 1106 3004 m

518 3035 548 3115 P
576 3036 612 3110 A
640 3034 674 3110 R
702 3034 743 3112 T
772 3034 789 3114 1
817 3037 843 3115 S
901 3040 930 3118 Ι.

485 3160 490 3168 ’
568 3165 773 3243 SECTIO
818 3173 876 3242 111.

246 3291 746 3482 ¹rurvartuoriri
833 3361 1146 3475 spactant.

458 3596 460 3600 .
677 3563 698 3611 a
753 3591 762 3611 .

262 3634 371 3819 Satis
394 3632 522 3711 ditium
543 3632 619 3712 ess‘et
642 3636 683 3715 de
697 3554 899 3730 Iidrentione,
918 3638 944 3715 fi
963 3649 1180 3747 antiquorum

334 3744 604 3849 optimorumque
616 3745 802 3826 Rhetorum
815 3744 977 3824 rationem
991 3769 1024 3825 et
1039 3747 1179 3828 consue·
1196 3751 1201 3764 ’

1089 3851 1204 3971 tuda·
