2709 4434
224 313 229 321 ’
286 334 369 429 cap.
386 328 434 409 V.
476 323 779 405 DtboeisGmois
792 274 1068 427 menstruis,
1094 358 1141 431 33

233 518 267 597 id
291 516 400 624 ipsum
423 541 553 620 quoque
572 521 711 616 pertinet
735 514 854 591 autad
875 514 1043 619 personas,
1088 540 1144 599 aut

230 655 291 703 res.
344 625 538 720 Inpersoeis
552 628 733 721 quaeritur,
759 649 801 697 an
817 627 889 723 quis
906 620 945 696 iit
958 624 1079 725 aliquid
1093 625 1143 702 fa·

231 736 355 806 elutus.
408 725 443 802 ld
462 727 652 824 intelligitur
666 752 707 799 ex
722 720 838 798 iisdem
851 723 923 803 fere
939 730 1045 816 rebus,
1070 736 1140 833 qni.

233 837 297 909 bus
313 830 513 932 colligimus,
533 829 675 931 aliquem
691 824 799 911 leciffie
813 827 912 932 quid,
932 857 974 904 ex
987 829 1142 911 facultate

234 959 267 1012 et
288 938 466 1027 voluntate3
488 959 571 1038 quae
587 940 731 1007 maxime
758 931 919 1011 iudicatur
941 962 961 1008 e
983 938 1142 1029 moribus,

233 1066 265 1116 ct
280 1047 360 1114 vitae
371 1036 542 1141 superioris
554 1034 797 1114 consuetudine.
850 1042 940 1112 Nam
955 1040 1046 1141 quod
1062 1069 1141 1115 con·

230 1151 319 1220 venit
339 1141 494 1248 cuiusque
508 1143 676 1229 moribus,
701 1147 766 1217 hoc
778 1140 842 1229 est,
863 1148 948 1217 vitiis
963 1173 1003 1217 ac
1017 1147 1139 1219 virtuti·

227 1250 306 1337 bus,
331 1247 462 1332 studiis,
489 1242 733 1344 cupiditatibus,
754 1244 846 1349 quod
862 1247 957 1335 alins,
981 1244 1076 1349 saepe
1098 1247 1140 1323 fi.

226 1348 363 1426 milibus¹
382 1349 463 1421 locis
477 1373 517 1418 ae
536 1351 755 1443 temporibus,
778 1350 907 1446 paribus
924 1370 979 1424 aut
1001 1358 1138 1427 minori·

228 1459 295 1526 bus
314 1447 495 1533 decaniis,
518 1449 604 1532 aliis,
623 1455 825 1548 quotminus
845 1472 965 1527 amaret
987 1475 1040 1527 eut
1053 1452 1138 1529 odii·

231 1553 297 1647 set,
319 1580 395 1627 cum
420 1558 529 1653 minus
551 1569 701 1652 cuperet,
714 1546 822 1655 fecit,
850 1551 885 1625 id
904 1556 1069 1655 probabile
1082 1557 1140 1651 cll,

225 1682 397 1763 quemque
408 1649 584 1731 facturum.

183 1772 186 1777 '
285 1787 344 1856 5⁰·
369 1748 1138 1865 Resautemfpteraedemonilranturinprimia

187 1920 198 1929 -
223 1861 412 1964 antegreffis
440 1861 542 1937 causis
566 1880 598 1934 et
623 1856 732 1957 (ignis.
808 1867 950 1963 Oportet
975 1870 1075 1965 igitur
1100 1880 1136 1952 in

223 1989 361 2072 promtu
385 1963 466 2053 effe,
506 1968 621 2068 quibus
646 1961 686 2036 de
709 1960 810 2038 caulis
829 1992 974 2069 quaeque
991 1996 1042 2045 m
1061 2001 1136 2049 eug.

225 2080 313 2160 niat,
332 2092 364 2144 et
377 2098 458 2174 quae
478 2067 539 2144 lint
557 2073 603 2143 rei
624 2064 751 2141 futurae
770 2065 880 2168 fignu:
905 2097 987 2172 quae
1009 2058 1136 2153 dil'cun·

229 2196 300 2264 tur,
321 2175 406 2249 vele
422 2196 532 2249 natura
551 2200 677 2258 rerum,
701 2166 931 2274 tradunturque
950 2184 984 2248 in
1004 2182 1135 2254 morali.

227 2282 288 2354 bus
299 2299 332 2354 et
345 2282 505 2380 politicis,
527 2277 578 2352 vel
591 2272 650 2350 suo
665 2272 816 2377 cuiusque
830 2272 903 2367 vsu,
924 2280 978 2353 vel
994 2282 1134 2387 denique

225 2384 376 2470 historia,
395 2380 467 2457 vius
488 2386 614 2454 vicaria.
665 2382 769 2464 Item,
800 2374 825 2451 fi
846 2376 963 2455 limilia
984 2406 1134 2491 tempora

204 2502 212 2517 ⁸
229 2484 305 2562 sunt
319 2515 357 2561 ue
371 2487 461 2578 loca,
485 2482 603 2559 eadem
616 2477 743 2568 futura,
766 2482 963 2591 colligimus.

244 2658 1131 2700 *m

492 2826 495 2834 ’
589 2794 698 2870 ΟΛΡ.
729 2796 771 2871 V.

363 2919 419 2994 De
446 2920 542 2994 Lotis
564 2908 706 2997 amerii
721 2878 993 3016 'Demi-nstratiut

466 3068 468 3072 ’
648 3080 707 3153 5¹.
783 3086 788 3091 ·
1006 3066 1079 3149 ς’ξεε,

205 3161 347 3273 Genus
360 3200 637 3295 demonstrantium
652 3198 795 3275 diximus
814 3196 848 3266 in
863 3196 1026 3279 laudando
1049 3196 1133 3268 uitu-

213 3306 426 3403 ptroodoqut
456 3300 579 3378 versari.
653 3309 747 3378 Lous
780 3316 888 3371 autem
923 3301 1054 3400 proprie
1084 3295 1130 3369 est

219 3411 365 3493 virtutis,
407 3411 601 3504 vituperatio
628 3409 716 3481 vitii:
758 3399 960 3506 efficiturque
990 3404 1040 3476 itta
1061 3405 1130 3500 qui·

218 3504 301 3583 deur
316 3511 484 3585 honestate
500 3517 639 3608 uirtutis,
666 3514 747 3584 haec
766 3525 896 3592 autem,
930 3502 1131 3608 turpitudine

216 3617 289 3686 uitii
304 3613 573 3690 demonstranda.
594 3642 596 3647 ·
632 3620 744 3717 ltaque
759 3616 857 3684 etiarn
880 3613 966 3684 bona
987 3629 1019 3682 et
1042 3602 1129 3678 utilia

216 3742 290 3791 non
303 3703 494 3807 laudaniur,
527 3717 587 3794 nili
607 3739 741 3822 propter
769 3715 909 3817 aliquant
931 3740 1007 3788 cum
1028 3713 1130 3788 honi·

273 3829 382 3898 botta·
401 3833 497 3910 Initia.
710 3822 798 3917 ((3)Ι
1050 3807 1136 3878 Μ
