2709 4434
291 383 365 457 154·
399 420 401 427 -
454 360 536 456 cap.
554 364 601 439 II.
641 358 888 434 >Dt0ttiatut
907 360 1042 459 vopis-

287 545 470 649 Philosophi
497 545 734 634 demonstrant,
762 567 797 621 vt
822 544 979 622 facillimo
1013 547 1180 651 cogitando
1204 580 1210 624 t

286 650 424 730 transeat
445 648 491 743 od,
508 679 558 726 ree
579 679 644 738 eat,
662 678 742 753 quae
757 648 974 754 praesentibus
989 676 1048 729 eut
1063 654 1182 743 limilett
1207 657 1210 725 l

284 780 341 832 aut
356 761 545 834 coniundlne
560 758 609 829 vel
623 776 752 841 natura,
780 756 832 828 vel
853 780 937 843 arte,
966 784 1114 858 opernue
1132 766 1184 833 ltu·

284 890 393 948 mana,
418 882 473 937 aut
485 861 659 935 disiundloe
673 856 755 947 sunt,
778 887 895 961 eaque,
915 888 999 963 quae
1015 864 1073 937 vel
1084 862 1185 939 sttuilie

264 1043 267 1048 ,
283 965 414 1051 tudine,
433 965 485 1038 vel
501 966 636 1038 naturali
650 963 760 1062 aliquo
774 964 922 1051 vinculO,
949 986 1008 1043 aut
1020 962 1185 1043 consuetu·

284 1066 379 1157 dine,
413 1072 628 1167 cogitatione,
657 1067 737 1141 loeo
761 1096 798 1140 ac
821 1090 988 1167 tempore,
1011 1074 1184 1147 coniuncti

279 1172 354 1260 sint,
375 1173 468 1246 sunul
482 1179 593 1246 animo
606 1177 751 1249 humano
763 1198 930 1245 occurrere
943 1168 1082 1250 soleant.
1123 1182 1183 1251 Vn·

282 1276 324 1350 de
337 1304 406 1352 non
422 1283 564 1364 mirum,
586 1274 611 1349 sr
636 1282 802 1374 ingenium
823 1283 1006 1375 humanum
1017 1284 1182 1353 etiamne

281 1403 352 1455 tura
371 1378 425 1453 sua
449 1371 596 1483 pronum
609 1377 737 1480 semper
754 1378 815 1453 fuit
828 1388 862 1453 in
875 1386 961 1455 hanc
975 1403 1130 1484 partem,
1151 1402 1180 1457 ut

264 1485 438 1558 ¹uocabula
455 1486 568 1559 talium
598 1510 706 1559 rerum
733 1504 944 1584 permutaret,
996 1486 1180 1585 praesertim

279 1617 356 1661 eutn
371 1610 403 1661 et
416 1585 770 1690 necestitntiequaedam
786 1594 867 1661 ratio
880 1586 1069 1678 accederet,
1076 1616 1109 1667 et
1120 1588 1180 1665 sur·

277 1700 535 1792 vitaslinuitaret,
554 1690 769 1793 undecunque
783 1712 852 1771 orta
868 1692 938 1765 illa:
966 1720 1079 1797 neque
1098 1699 1179 1771 enim

275 1796 370 1873 facile
382 1796 443 1882 est,
469 1802 544 1868 certi
567 1794 684 1893 aliquid
711 1800 930 1891 pronunciare.
952 1824 986 1869 v.
1002 1800 1080 1875 Cic.
1093 1806 1176 1876 Ont.

274 1905 333 1983 ΙΙΙ,
351 1925 405 1992 39.
457 1902 499 1972 Et
519 1904 571 1999 qui
594 1926 612 1969 a
630 1894 837 1980 similitudine
851 1899 984 2001 quidem
997 1911 1170 1977 oriturtro·

273 1998 354 2105 put,
379 2005 562 2097 metaphora
581 2022 735 2074 vocaturn
768 2007 1045 2085 econiundlione
1069 2030 1160 2079 retum

268 2113 507 2206 ‘metonymiam
557 2100 1164 2201 tumultantdlslunmonetmin

327 2234 410 2300 317·
432 2208 488 2283 Est
509 2215 607 2308 igitur
628 2214 811 2304 metaphora
836 2210 1086 2309 significationis
1103 2238 1167 2315 pro·

268 2320 365 2418 prlae·
381 2319 415 2386 in
441 2306 579 2389 alienant
603 2314 812 2400 immutatio,
839 2318 884 2388 ob
903 2310 1167 2415 'similitudinem

269 2444 350 2521 quae
370 2421 464 2491 rebus
487 2414 663 2491 intercedit.
715 2418 811 2493 Vnde
826 2419 882 2505 lit,¹
899 2425 981 2491 utin
997 2428 1094 2495 omni
1108 2448 1167 2495 tne-

264 2528 398 2623 tepltora
417 2520 459 2595 'stt
479 2519 673 2606 similitudo,
696 2519 737 2593 ad
758 2545 866 2595 unom-
882 2525 1023 2597 verbum
1044 2524 1165 2601 redo&

263 2646 296 2699 et
310 2622 477 2712 conclusa,
499 2630 588 2698 cuiue
611 2623 699 2726 quali
715 2623 930 2701 fundnnento
944 2634 1084 2717 nitetur,
1105 2650 1164 2703 tro·

262 2755 389 2833 pusque
403 2734 455 2801 hic
471 2734 511 2801 lto
527 2750 581 2800 aut
594 2729 765 2829 probetur,
782 2749 838 2803 aut
855 2727 1044 2831 repudietur
1054 2728 1164 2833 persp,

264 2854 301 2906 vt
316 2830 493 2907 sstnilitudo
509 2833 560 2904 illa
576 2831 709 2906 conflet.
737 2839 789 2933 ¹Eu
804 2860 905 2935 porro
922 2831 1104 2911 limilitudo
1117 2834 1163 2911 vel
1208 2894 1210 2910 .

261 2937 398 3038 simplex
414 2935 471 3023 ell,
487 2936 538 3009 vel
550 2932 669 3034 duplex
682 2958 714 3010 et
727 2938 977 3023 commutabilis,
991 2966 1075 3041 quae
1088 2968 1163 3017 auu·

261 3047 351 3140 logio
365 3061 514 3115 vocatur:
535 3041 653 3124 veluti,
674 3069 750 3113 curn
766 3070 826 3143 pro
842 3038 935 3116 causa
943 3044 1073 3136 fontem
1084 3040 1161 3119 dici·

260 3171 347 3231 mue,
361 3143 498 3246 fimplex
513 3142 569 3230 est,
583 3140 648 3216 fiue
663 3152 756 3218 vnius
772 3153 882 3248 partit,
896 3144 1088 3237 similitudo,
1100 3176 1160 3223 neo

261 3251 353 3343 confir
377 3276 438 3349 pro
449 3251 548 3344 fonte
565 3245 629 3323 diei
646 3249 772 3348 potest:
789 3256 870 3324 inter
884 3278 991 3359 regem
1004 3272 1116 3327 autern
1128 3272 1161 3327 et

251 3351 348 3449 firltm
362 3350 481 3450 duplex
495 3350 559 3425 ellt
577 3354 684 3484 ltapue
700 3356 817 3452 roxfitl
827 3362 930 3455 regni,
952 3349 1000 3427 sol
1012 3380 1075 3431 rex
1088 3358 1160 3433 curli

257 3452 458 3554 dicipotellt
484 3450 569 3564 vnde
581 3455 700 3532 extistit
713 3485 815 3568 genus
830 3464 1050 3559 metaphorae,
1069 3456 1167 3566 qnod}

255 3568 445 3655 reciprocum
465 3578 609 3639 vocatur.
920 3602 923 3609 ·

311 3678 394 3755 3t8.
414 3659 478 3732 Sed
501 3688 696 3763 comaeque
717 3662 778 3737 late
793 3668 982 3765 tnetnpliotn
997 3686 1157 3769 pateatne

255 3764 450 3856 dettifitudoi
475 3786 584 3847 tamen
605 3764 745 3842 deledlur
765 3764 900 3871 quidam
916 3770 964 3847 est
976 3770 1156 3863 habendus,

998 3976 1001 3983 Ι
1035 3902 1155 3981 neque,
