2709 4434
261 332 309 421 36
346 320 429 421 cap
442 322 489 401 V·
531 318 840 399 DtLotithntrit
848 319 1128 417 omsstranar.

259 514 362 593 uellas
382 506 517 615 quidem
538 513 663 583 virtutis
678 508 765 583 lucet
787 502 853 609 ipsa
873 534 933 608 per
953 503 1003 582 se:
1037 511 1177 587 illustra·

260 644 312 695 tur
326 640 435 692 tamen
457 615 537 688 locis
560 610 796 698 admirationis,
816 609 932 700 laudis,
951 614 1098 691 utilitatis
1113 638 1176 694 etc.

318 749 376 821 59.
397 726 437 793 ln
449 715 542 793 factis
555 738 683 804 autem,
706 743 777 791 non
792 714 915 803 modo,
937 739 1052 820 aquot
1073 750 1176 822 quan·

262 834 364 930 titque
378 823 546 897 virtutibus
560 817 709 921 proledla
726 818 806 906 lint,
828 818 1037 910 videbimus,
1060 821 1120 899 sed
1133 846 1176 899 et·

264 939 349 1016 nm,
372 956 415 1001 ao
435 931 507 1027 quis
527 930 652 1025 primus
675 924 806 1009 lecerit,
831 952 873 999 au
895 921 1000 1014 solus,
1023 950 1082 1002 aut
1098 958 1177 1003 curn

264 1038 393 1139 paucis:
419 1057 463 1104 an
476 1049 626 1128 tempore
640 1059 678 1103 ac
693 1030 771 1103 lo‘co
785 1034 914 1131 iniquo,
936 1051 969 1103 et
981 1029 1176 1107 necell'ario:

264 1167 307 1215 an
322 1133 455 1237 sponte,
475 1133 632 1220 libenter,
652 1154 685 1207 et
697 1130 807 1233 saepe:
832 1160 901 1235 quo
915 1131 1174 1238 deniqueconfi·

266 1244 312 1319 lio
327 1260 359 1314 et
372 1232 501 1312 anem.
552 1242 640 1313 Nam
664 1244 714 1312 his
734 1239 830 1311 rebus
852 1239 1006 1311 omnibus
1020 1240 1170 1337 intellige·

267 1367 321 1421 tur
339 1338 536 1443 magnitudo
558 1348 698 1430 virtutis,
719 1372 739 1415 a
759 1369 823 1442 qua
844 1362 956 1415 natum
976 1339 1094 1418 facinus
1112 1339 1168 1415 eu.

321 1454 382 1525 60.
417 1453 455 1521 lu
475 1438 619 1549 personis
639 1449 681 1525 ab
701 1453 751 1520 his
770 1444 839 1519 sere
864 1444 974 1518 laudes
995 1446 1174 1520 ducuntur:

267 1552 477 1637 enantibus,
503 1545 714 1637 educatione,
742 1552 836 1623 bonis
858 1555 981 1650 ingenii
1000 1556 1179 1653 animique,

269 1654 394 1741 ssudiis,
417 1650 557 1741 scientia,
573 1656 733 1739 moribus,
759 1655 853 1725 rebus
867 1655 996 1753 publiee
1012 1662 1180 1755 priuatim·

294 1786 333 1833 ue
347 1755 463 1857 gellis,
485 1783 523 1827 ac
543 1777 668 1828 morte:
694 1782 731 1828 ea
754 1783 794 1827 ue
810 1755 935 1855 lingula
952 1756 996 1830 fic
1011 1757 1180 1832 intranda

270 1788 361 1945 dunt,
381 1878 415 1929 vt
426 1855 618 1945 honestatis,
634 1884 717 1958 quae
732 1784 828 1960 lupra
843 1859 1083 1935 demonstratae
1098 1859 1181 1948 sunt,

271 1984 376 2069 partes
403 1980 594 2061 appareant,
633 1988 754 2064 eaeque
787 1992 806 2036 e
837 1965 918 2038 locis
944 1967 1182 2066 magnitudinis

272 2063 522 2165 amplificentur.

329 2174 392 2243 61.
412 2165 540 2254 Veluti,
563 2163 682 2237 natales
702 2170 747 2238 ita
767 2166 809 2242 ad
823 2171 1025 2247 honestatem
1041 2169 1184 2245 referen-

274 2294 338 2361 tur,
356 2276 542 2374 uirtutisque
557 2273 750 2371 opinionem
765 2278 991 2364 concitabunt,
1008 2275 1056 2363 fi,
1075 2279 1133 2349 vbi
1146 2275 1183 2349 il·

273 2376 386 2457 lullree
398 2372 476 2464 smt,
501 2372 739 2450 demonstretur
752 2404 771 2450 e
782 2401 914 2466 natura,
931 2377 1008 2466 vsu,
1025 2385 1185 2481 opinione

275 2480 480 2587 sapientium,
501 2478 776 2584 populorumque,
790 2505 907 2585 quanta
921 2490 969 2558 vis
982 2483 1020 2557 lit
1034 2486 1185 2557 nobilita·
1207 2518 1212 2527 ·

277 2586 372 2665 titud
388 2590 559 2669 virtutem,
584 2583 635 2657 vel
649 2606 779 2672 natura,
799 2590 851 2661 vel
874 2594 1055 2662 imitatione
1069 2616 1185 2687 paren·

276 2712 349 2769 tum
368 2712 465 2795 atque
486 2694 669 2763 maiorum:
694 2687 745 2763 sm
765 2688 911 2779 obscuri,
931 2716 1053 2794 quanto
1068 2690 1187 2764 diffici-

277 2794 359 2889 liue,
380 2798 576 2893 maiorisque
601 2796 726 2866 virtutis
749 2792 806 2881 lit,
833 2824 945 2898 parere
965 2798 1188 2881 nobilitatem,

277 2924 378 2999 quem
399 2916 566 2999 acceptam
586 2890 719 2970 seruare.
769 2912 857 2976 Nam
879 2907 921 2975 ita
942 2901 1048 2974 exiliit
1067 2904 1192 2999 opinio

277 3022 419 3105 megine
434 3006 567 3079 virtutis.
617 3000 833 3107 Similiterque
850 3027 1027 3079 ceterarum
1042 3009 1188 3108 partium

277 3098 429 3185 ltottellte
456 3110 639 3211 reperietur.

333 3214 395 3293 61.
414 3210 530 3317 Neque
548 3236 626 3285 vero
644 3212 678 3281 in
693 3216 806 3283 ceteris
818 3238 925 3283 rerum
938 3208 1109 3309 generibus
1122 3204 1189 3281 dif-

270 3292 366 3401 ssfllle
386 3316 463 3409 ttlt,
482 3310 609 3403 videre,
634 3313 807 3417 quomodo
827 3326 905 3387 cuni
928 3313 1092 3387 honestate
1107 3339 1189 3385 con·

395 3434 469 3515 rtur.
491 3412 598 3525 ssqnlt
609 3444 678 3505 eos,
696 3446 778 3521 quos
792 3414 1039 3521 proposuimus,
1059 3415 1187 3491 honesti

399 3542 513 3605 uranu
530 3522 645 3601 11111111
659 3550 698 3597 eo
714 3531 821 3611 tritos,
846 3544 917 3609 aut,
939 3520 1112 3623 quomodo
1126 3518 1188 3593 sm·

439 3626 570 3707 1111111111
591 3648 734 3729 repertae
748 3650 851 3731 partes
864 3650 1061 3727 augeamur,
1079 3624 1189 3698 sima·

479 3728 572 3819 11111
592 3754 766 3837 persuum.
817 3734 939 3819 Veluti,
958 3729 1048 3807 fiaes
1057 3727 1188 3904 laudqq·

1171 3862 1189 3904 a
