2709 4434
452 308 591 403 capr
626 262 701 383 'ua
721 308 889 407 apptati.
1053 335 1122 391 m

207 524 285 575 mm
298 502 449 599 primurn
464 498 531 568 hoc
545 492 602 581 sn,
613 517 616 523 ·
626 504 665 571 ut
680 521 747 569 rem
761 496 959 592 atsatmmum
982 502 1127 597 epistolae

206 608 310 709 graui
327 605 437 702 aliquo
450 599 807 697 vmustuqutsantmtio
817 627 1056 697 proponamus:
1079 608 1126 680 al·

207 730 331 793 terum,
355 724 394 781 vt
407 710 456 778 rei
465 707 641 805 propositae
643 707 744 801 fidam
748 706 923 800 faciamus.
976 706 1030 781 Ad
1044 713 1126 783 baec

208 808 290 899 du0,
312 805 470 912 quicquid
483 805 851 907 ellelegantiffimarutn
861 816 1043 897 Ciceronis,
1068 820 1125 913 qui

206 923 242 993 in
256 921 324 991 boc
339 939 471 1016 quoque
484 937 604 1010 genere
619 909 777 986 scribendi
793 922 943 1014 princeps
958 920 1045 992 recle
1064 944 1126 1017 po·

208 1027 309 1107 nitur,
332 1016 547 1120 epistolarum
560 1013 805 1091 conformatum
820 1026 975 1118 reperiet,
1000 1026 1055 1124 qui
1070 1020 1126 1093 ad·

209 1123 366 1200 tendent:
386 1127 470 1197 haec
487 1125 545 1221 qui
566 1127 721 1208 tenuerit,
747 1128 772 1194 ie
793 1120 966 1211 facillime,
992 1147 1024 1198 et
1043 1124 1126 1229 quid

210 1224 337 1315 scribat,
355 1228 508 1328 reperiet,
532 1243 564 1297 et
579 1221 801 1325 consequetur,
822 1226 911 1327 quod
928 1227 1024 1303 volet.
1058 1229 1125 1305 Sed

208 1330 347 1437 prefft'us
362 1350 534 1437 utrumque
545 1350 755 1427 praeceptum
771 1329 815 1402 est
829 1332 1079 1409 enucleandum.

270 1458 359 1525 244.
385 1429 485 1535 Qud
498 1437 599 1530 igitur
609 1437 756 1531 primum
773 1430 853 1518 dixi,
877 1430 1041 1510 summam
1057 1442 1124 1537 epi-

215 1537 321 1612 ssolae
334 1532 396 1611 effe
408 1535 538 1611 venusta
553 1536 660 1636 aliqua
677 1556 710 1609 et
730 1542 820 1635 graui
838 1531 988 1610 sententia
1002 1568 1125 1645 propo·

211 1636 379 1717 nendum:
398 1638 433 1714 id
447 1646 608 1715 bancvim
622 1642 731 1727 babet,
745 1660 861 1717 vteutn
870 1636 1008 1732 sensum,
1019 1667 1051 1717 et
1067 1671 1125 1717 vo·

209 1746 382 1833 lunarem,
405 1772 506 1849 quam
520 1743 703 1845 significare
720 1745 881 1833 volumus,
905 1773 1126 1848 expnmamuc

212 1856 266 1939 ita,
287 1845 497 1950 vthocipso,
519 1857 678 1949 primum,
703 1850 761 1924 fiat
773 1850 953 1954 probabile,
972 1852 1061 1954 quod
1076 1852 1125 1927 di·

211 1960 329 2041 dutus,
356 1950 476 2027 deinde
492 1953 691 2053 magnitudo
705 1951 885 2029 affedlionis
899 1977 931 2029 et
952 1959 1125 2040 voluntatis

213 2078 384 2161 appareat,
411 2055 550 2160 denique
566 2059 670 2160 aliqua
683 2064 806 2159 ingenii
821 2066 934 2162 opinio
950 2060 1086 2139 exsiliat.

265 2188 354 2257 ¹145·
374 2159 723 2263 Nempescribentibus
739 2164 815 2236 tales
829 2157 988 2264 epistolas,
1009 2171 1125 2271 quibus

213 2292 379 2353 amorem,
398 2267 669 2355 beneuolentiam,
688 2288 819 2365 gratum
829 2275 977 2340 animum
992 2294 1023 2343 et
1037 2270 1127 2343 firni-

210 2372 255 2447 lia
263 2367 445 2459 declarent,
457 2370 547 2444 idem
561 2373 636 2444 linis
649 2371 706 2456 ell,
718 2374 771 2471 qui
781 2367 975 2456 dicentibus,
988 2366 1053 2446 ho‘c
1067 2374 1126 2458 esl,

255 2471 387 2551 rsuafiO.
443 2483 554 2577 ltaque
575 2481 640 2549 huc
662 2494 729 2549 tota
746 2470 905 2545 scribendi
925 2479 1006 2551 ratio
1028 2473 1126 2575 dirigi

212 2580 323 2657 debet.
337 2602 341 2615 ·
361 2577 427 2653 Sed
441 2586 551 2654 omnis
569 2580 639 2652 talis
655 2584 755 2650 animi
772 2573 915 2663 affedlio,
933 2600 1054 2668 motus,
1069 2606 1126 2651 voa

210 2686 338 2771 luntas,
363 2679 396 2758 se
409 2683 522 2784 prodit
541 2681 594 2755 lua
612 2680 727 2786 sponte
745 2684 848 2756 verbis
873 2677 982 2755 suiset
1001 2679 1126 2757 stuten-

212 2796 283 2864 tiit:
309 2815 392 2891 quae
405 2790 459 2861 vbi
474 2794 689 2890 reperientur,
715 2814 785 2861 non
806 2785 1021 2873 dubitabitur,
1045 2792 1126 2889 quin

212 2900 348 2969 animus
363 2899 401 2965 iis
415 2899 650 2965 conuenienter
663 2889 703 2965 fit
722 2889 869 2967 affedlut.
919 2889 1126 2991 Magnitudo
1192 2938 1195 2945 ·

212 3019 325 3071 autem
337 2993 518 3071 affedlionis
537 3016 570 3070 et
590 2998 763 3071 voluntatis
782 2999 922 3097 exprimi
937 2990 1034 3070 debet
1056 3022 1127 3071 uon

206 3100 323 3177 modo
337 3101 429 3173 illam
444 3097 547 3201 ipsam
560 3102 604 3174 ob
618 3097 759 3187 causam,
783 3120 817 3173 vt
831 3096 990 3175 credibilis
1003 3098 1042 3173 stt
1053 3127 1126 3174 ora·

211 3201 347 3296 tio,sed
357 3211 454 3278 etiarn
463 3227 498 3278 vt
511 3226 543 3278 ct
557 3203 597 3279 ad
606 3207 864 3291 beneuolentiatn
874 3203 1128 3293 conciliandam,

164 3350 167 3359 ·
214 3309 304 3385 etad
317 3304 580 3411 impetrandum,
605 3308 695 3414 quod
711 3308 880 3394 volumus,
900 3308 1074 3384 efficacior.
1099 3344 1102 3351 ·

269 3422 356 3507 246.
384 3412 541 3488 Venullas
563 3411 705 3513 denique
731 3416 922 3515 requiritur,
966 3419 1128 3517 primurn,

215 3524 290 3620 quia
299 3516 564 3609 adiuuatfidem3
585 3514 715 3591 facilius
728 3522 817 3595 enim
831 3523 963 3619 capiunt
976 3524 1125 3591 animum

216 3622 375 3725 legentis,
400 3649 481 3725 quae
496 3620 659 3695 venustate
696 3618 814 3694 uadum
834 3620 1126 3699 commendantur:

218 3725 356 3818 deiude,
379 3732 454 3830 quia
470 3730 504 3801 in
524 3724 665 3827 epistolis
673 3650 854 3806 leribendis
875 3727 1127 3893 talibus,spraea

1030 3827 1126 3906 ertim
