2709 4434
187 446 189 451 ¹
233 362 304 452 156
381 352 527 451 quH.
582 350 826 427 DrO'roetoe
852 358 982 453 stopie.

229 546 344 647 aliique
368 542 495 617 dixere:
547 547 624 615 item
650 540 821 617 consutum
848 540 998 634 dicendi,
1027 542 1110 620 fite
1132 532 1164 611 ul

228 648 395 723 minuendi
411 670 463 719 aut
478 644 628 721 irridendi
643 643 745 723 causa.
1106 652 1112 711 ἰ
1157 666 1164 695 ¹

283 780 365 843 320.
388 752 504 823 Tertia
526 752 590 837 eu,
613 770 645 823 vt
668 778 707 823 ue
733 748 892 823 ducamus
909 778 931 823 a
956 751 1052 825 rebus
1074 750 1115 825 oh
1141 776 1164 821 rr

227 854 339 941 scenis,
359 852 506 941 sordidis,
529 877 622 956 atque
634 856 784 929 abietiis:
805 880 871 955 quo
885 864 1026 929 nomine
1042 858 1117 929 Cice
1146 878 1164 925 u

227 989 266 1035 ro
282 960 483 1063 reprehendit
499 986 588 1043 euru,
607 966 661 1060 qui
678 963 837 1057 Africani·
847 978 952 1033 morte
968 962 1120 1057 cestreton
1150 981 1164 1031 t

228 1094 295 1140 rem
314 1069 488 1163 perideone,
526 1066 695 1136 Glauciam
711 1065 839 1161 stercus
859 1064 1122 1153 toriaedixeratr

226 1169 287 1243 nist
311 1176 374 1243 hoc
388 1167 541 1267 posterius
556 1164 686 1241 fortasse
700 1163 838 1241 excusati
852 1166 983 1268 potest,
1003 1190 1123 1243 rit-eoo·

227 1274 377 1345 romeliae
391 1268 557 1371 augendae
572 1269 663 1345 causa
679 1270 823 1357 ditium,
848 1270 1124 1371 quemadmodum

226 1384 323 1450 etiam
346 1383 381 1448 in
402 1380 481 1447 iocis
504 1377 615 1450 locum
636 1379 764 1449 habeut.
814 1379 950 1449 Etenim
973 1382 1124 1451 cummi·

225 1478 312 1555 verse
337 1480 392 1553 issa
416 1483 512 1553 verba
533 1483 573 1554 ab
594 1486 739 1553 oratioue
759 1478 937 1579 elegantiae
965 1478 1062 1557 causa
1082 1483 1125 1557 eh·

225 1584 288 1659 effe
308 1585 464 1671 debeant,
494 1606 645 1658 ornatum
667 1581 780 1658 afferre
802 1604 834 1657 et
856 1579 1055 1663 suauitatem
1079 1588 1125 1691 qui

222 1686 374 1790 poliunt?
407 1696 451 1761 At
473 1710 584 1763 contra
607 1692 783 1789 probantur
802 1692 1021 1788 metaphorae
1042 1718 1063 1767 a
1085 1716 1129 1763 re

223 1796 283 1866 hus
318 1792 477 1877 honestis,
511 1795 668 1890 pulchris,
701 1789 869 1887 suauibur:
923 1798 1046 1893 quippe
1068 1818 1126 1879 rer,

222 1926 242 1968 a
265 1898 378 1994 quibus
399 1890 577 1981 ducuntur,
603 1892 657 1966 sua
674 1892 1122 1995 bonaquodaumrodocom·

223 2004 391 2072 munitam
406 2024 479 2070 cum
500 2002 555 2081 iis,
580 1996 621 2069 ad
643 2024 720 2098 quar
741 1994 1113 2087 nominatraneferuutur.

222 2101 294 2176 Sed'
300 2106 443 2173 maxime
459 2096 618 2175 delectant
632 2124 708 2188 eae,
735 2130 816 2205 quae
830 2104 927 2178 rebus
940 2110 1009 2177 vite
1023 2126 1120 2177 cureu-

222 2209 305 2279 tibus
328 2211 429 2277 vitam
452 2210 611 2280 eradium
633 2208 793 2295 tribuunt,
809 2210 1032 2315 ¹omninoque
1045 2208 1128 2281 attri-¹

221 2312 298 2385 huta
315 2316 506 2403 uiuentium,
529 2334 563 2384 vt
586 2311 785 2399 Aristotelem
798 2314 931 2398 Cicem,
950 2334 1122 2413 omnesque

222 2422 296 2491 artis
321 2414 464 2515 magistri
501 2414 779 2493 animaduerteret
809 2415 897 2488 uelut
929 2418 1031 2493 herbo
1044 2418 1123 2519 filii,

221 2529 376 2596 moritur:
395 2528 517 2605 domos,
526 2524 737 2621 fiiuofitrgit.
766 2569 769 2577 ·
788 2522 968 2594 Enimuero
984 2546 1056 2595 non
1069 2522 1122 2593 rui-

220 2652 281 2698 nus
296 2619 404 2695 suaues
421 2619 508 2708 suut,
528 2651 608 2725 quae
624 2628 717 2697 rebus
740 2628 941 2725 incorporeis
954 2622 1049 2727 quefi
1060 2648 1121 2697 cor·

221 2756 281 2830 pus
301 2730 463 2800 tribuunt:
478 2748 524 2800 ·vt
543 2735 647 2803 virtus
658 2734 729 2831 fine
748 2728 935 2829 aduersario
946 2730 1121 2829 flaccescit:
1163 2815 1167 2831 Ι

221 2838 392 2907 dominatio
407 2836 613 2908 corroditur:
625 2842 711 2908 ratio
723 2834 795 2907 hoec
796 2834 925 2931 frangi
937 2838 1121 2933 convellique

221 2937 413 3033 eonpotrst:
439 2932 521 3022 siue,
547 2933 639 3035 quod
661 2937 758 3012 veluti
780 2932 941 3010 adsensus
956 2958 1120 3011 reuocatae

221 3046 380 3113 maiorem
402 3034 660 3143 perspicuitatem
684 3036 938 3145 consequuntur,
970 3038 1123 3115 fiue'alie

220 3141 335 3245 quade
353 3139 455 3219 causa.

275 3270 358 3331 321.
392 3255 431 3320 ln
459 3242 514 3317 vsu
544 3264 652 3319 aurem
680 3250 942 3346 metaphorarum
975 3249 1123 3344 primum

221 3345 361 3423 deledius
382 3355 553 3453 requiritur
572 3356 644 3436 hic,
676 3370 712 3423 vt
730 3353 823 3423 rebus
845 3346 1021 3451 aptiffimas
1035 3374 1124 3451 quer·

219 3480 284 3555 que
298 3450 516 3552 praeferamus
530 3456 577 3551 (ᾗ.
596 3456 715 3544 320.);
742 3454 878 3541 deinde,
897 3473 932 3525 vt
955 3458 990 3527 in
1002 3478 1124 3553 genere

220 3576 354 3658 coeptae
375 3562 582 3657 metaphorae
604 3559 826 3659 perfidarum,
859 3583 962 3658 neque
985 3562 1124 3649 coniun-

220 3688 335 3763 gamus
352 3656 546 3732 diuersarum
561 3692 599 3735 ac
614 3661 815 3738 dithmilium
836 3688 945 3735 rerum
959 3665 1124 3739 attributa.

218 3766 257 3847 ld
272 3793 341 3845 uon
357 3784 423 3839 tam
440 3760 485 3839 sle
498 3773 652 3867 ceperim,
675 3790 711 3843 ut
725 3766 823 3845 video
835 3768 936 3869 vulgo
950 3770 1124 3855 uictores,

1017 3871 1124 3945 veluti
