2709 4434
425 374 510 468 cap.
532 372 621 445 XII.
666 374 723 448 De
743 378 925 450 Sententiis.
1078 404 1125 471 ῃ

210 567 341 665 proprie
366 566 481 633 omnis
503 556 656 633 sententia
676 567 906 655 enthymema:
944 559 996 637 sed
1020 593 1125 664 genus

208 673 272 742 hoc
287 666 572 765 pulcherrimum,
605 665 690 763 quud
705 666 750 736 ett
763 694 780 737 e
794 671 959 742 contrariis
986 698 1060 743 cum
1077 679 1124 744 in·

209 775 442 869 terrogatione.
504 772 615 840 Huius
628 776 752 862 generis
765 778 844 843 haee
866 773 1015 869 exempla
1035 772 1123 847 sunt:

215 879 287 949 Cur
300 891 401 969 optas,
429 874 648 973 quodhaber?
677 877 755 961 Cur,
777 904 865 975 qtmn
880 880 1027 963 daurons,
1045 904 1123 972 pro·

219 984 294 1064 ber,
321 1005 408 1077 quem
425 983 572 1074 prober,
598 978 747 1073 serasar?
767 988 900 1053 Sernota
914 989 1028 1073 potati,
1047 1009 1123 1078 ptr·

217 1087 289 1157 tim
300 1088 457 1181 ettpqfflm
469 1108 593 1181 roges:
615 1084 703 1177 Quid
718 1091 924 1158 tartarones?

266 1203 349 1277 158.
377 1189 531 1261 Omnino
552 1180 723 1258 sententiae
745 1184 859 1260 fortius
883 1185 1002 1260 feriunt
1024 1191 1122 1258 inter·

209 1295 386 1389 rogatione
401 1288 633 1363 conformatae.
683 1294 770 1362 Bona
795 1288 945 1364 timentia
966 1289 1030 1363 est:
1055 1318 1120 1364 note

212 1399 257 1488 est
266 1396 407 1487 seruus,
439 1398 635 1491 quintorum
657 1402 848 1472 conternent:
882 1392 935 1465 sed
959 1401 1119 1467 maiorem

216 1502 296 1566 uim
313 1495 411 1566 habet
430 1493 472 1567 fic
493 1501 718 1594 pronunciata,
750 1518 783 1567 vt
804 1496 889 1594 apud
912 1495 1118 1594 Euripidem:

222 1598 283 1673 eir
304 1585 330 1669 i
346 1596 396 1675 ἐς)
415 1588 526 1691 iaaac,
555 1600 606 1679 τέ
627 1598 745 1675 Sanan
766 1597 932 1698 ἄφροντις
953 1593 1014 1686 a’ir3
1041 1605 1119 1672 item

211 1696 305 1774 tund
319 1702 477 1776 Senecae:
502 1730 567 1775 nou
581 1704 688 1799 potest
711 1710 797 1805 cogi,
824 1708 880 1802 qui
897 1704 997 1799 potest
1020 1711 1120 1778 tnuri:

211 1802 331 1879 fortius
343 1799 437 1882 feriet
449 1814 482 1881 in
497 1815 645 1881 oratione
662 1807 723 1880 stc:
748 1813 804 1907 qni
818 1812 899 1882 arturi
910 1808 1024 1907 peresi,
1043 1834 1118 1905 qno-

209 1914 299 1985 aad·
314 1917 387 2005 cogi
395 1914 546 2007 poterit?
571 1918 671 2000 item,
695 1917 788 2011 osque
803 1919 918 1989 adema
930 1922 1012 1989 trieri
1033 1913 1119 2010 tuisc-

206 2040 284 2091 tnm
300 2012 370 2108 est?

272 2139 346 2205 159.
372 2120 470 2189 Haec
482 2113 523 2188 d'e
533 2118 701 2213 generibus
712 2112 952 2192 sententiarum:
977 2117 1115 2221 sequitur

217 2223 256 2293 de
271 2226 445 2296 aetatibus
464 2235 497 2295 ct
514 2225 615 2295 vitiis.
675 2230 724 2294 Ac
746 2231 874 2298 virtutes
895 2223 1028 2325 quidem
1049 2221 1118 2295 fere

216 2349 253 2397 ex
268 2320 363 2399 <fidis
387 2323 626 2421 intelliguntur,
660 2323 714 2395 sed
738 2322 810 2396 sunt
832 2348 940 2396 tamen
958 2326 1118 2424 quaedam

210 2427 372 2502 addenda.
426 2432 660 2501 Sententiarum
676 2431 878 2524 igituruium
892 2433 997 2524 prima
1011 2427 1055 2498 est
1069 2454 1118 2501 ue.

209 2540 314 2609 titas:
328 2532 413 2607 nihil
427 2537 515 2603 enim
532 2537 566 2604 in
581 2529 721 2603 dicendo
736 2532 862 2628 probati
877 2529 992 2628 potest,
1004 2558 1117 2631 qnam·

208 2627 563 2722 ui'sacutumvideatur,
580 2642 631 2707 eui
645 2630 721 2706 falsa
736 2630 884 2706 iernentia
894 2630 1007 2709 subsit:
1023 2641 1131 2735 eique.

207 2748 410 2814 contrarium
423 2746 538 2811 vitium
553 2740 617 2825 est,
642 2767 718 2812 cum
732 2734 828 2811 falsae
844 2734 1016 2810 sententiae
1031 2734 1120 2809 sunt:

222 2891 230 2903 ·
262 2855 350 2918 160.
374 2844 481 2917 Altera
496 2850 594 2917 virtus
610 2846 655 2917 eu
674 2846 825 2940 intensius,
841 2871 941 2945 eaque
955 2843 1043 2913 estin
1055 2846 1115 2928 his,

204 2975 290 3050 quae
308 2975 371 3021 nec
385 2955 537 3048 pietatem
550 2953 583 3021 in
603 2953 731 3034 Deum,
750 2953 973 3047 hominesque,
992 2974 1052 3019 nee
1065 2946 1114 3019 vl·

204 3053 277 3125 lant·
292 3077 417 3151 partem
431 3078 564 3124 morum
583 3054 746 3125 bonorum
762 3053 905 3125 laedunt.
930 3056 1016 3125 Nam
1032 3078 1114 3152 quae

205 3176 323 3229 contra
337 3152 426 3242 sunt,
449 3175 480 3230 et
494 3154 596 3229 fidem
612 3156 729 3229 dicenti
745 3155 926 3242 detrahunt,
952 3181 984 3231 et
999 3153 1114 3230 velof·

202 3257 359 3346 feudum,
384 3261 436 3333 nel
454 3285 668 3359 corrumpunt
683 3259 857 3331 audientes.
910 3267 1052 3336 Acutum
1066 3259 1112 3331 est

201 3384 239 3436 et
260 3360 398 3438 sublime
426 3362 548 3464 specie:
599 3367 729 3440 lseurtx
762 3366 854 3461 coraja
875 3369 955 3440 Diis
977 3371 1114 3466 pientia.

191 3468 262 3565 sed
281 3474 365 3544 viiie
392 3475 528 3547 Catoni:
569 3464 621 3541 sed
643 3472 804 3566 impium,
833 3471 987 3574 nulloque
1009 3464 1115 3541 niodo

202 3572 427 3673 probandum.
479 3573 589 3647 Sitniie
605 3570 685 3644 iliud
701 3574 831 3657 Taciti,
852 3598 972 3649 temere
987 3574 1113 3672 quibus·

204 3673 288 3747 dam
311 3676 494 3750 laudatum:
516 3678 623 3773 ferteri
643 3680 800 3775 arienses
825 3683 981 3763 honrincs,
1005 3674 1115 3770 scruti

203 3780 361 3878 aduerfirs
375 3787 479 3873 Deos,
493 3809 557 3859 tem
567 3780 775 3875 dfiiciilirnam
791 3782 1010 3883 ‹statuetur-ae
1023 3793 1059 3849 ut
1072 3780 1120 3852 iis.

1071 3892 1114 3947 m
