<?xml version="1.0" encoding="UTF-8"?>
<!DOCTYPE html PUBLIC "-//W3C//DTD XHTML 1.0 Transitional//EN"
    "http://www.w3.org/TR/xhtml1/DTD/xhtml1-transitional.dtd">
<html xmlns="http://www.w3.org/1999/xhtml" xml:lang="en" lang="en">
 <head>
  <title>
</title>
<meta http-equiv="Content-Type" content="text/html;charset=utf-8" />
  <meta name='ocr-system' content='tesseract 3.04.00' />
  <meta name='ocr-capabilities' content='ocr_page ocr_carea ocr_par ocr_line ocrx_word'/>
</head>
<body>
  <div class='ocr_page' id='page_1' title='image "./initiarhetorica00ernegoog_0120.png"; bbox 0 0 2709 4434; ppageno 0'>
   <div class='ocr_carea' id='block_1_1' title="bbox 458 364 1125 465">
    <p class='ocr_par' dir='ltr' id='par_1_1' title="bbox 458 364 1125 465">
     <span class='ocr_line' id='line_1_1' title="bbox 458 364 1125 465; baseline 0.012 -24"><span class='ocrx_word' id='word_1_1' title='bbox 458 364 542 461; x_wconf 73' lang='lat' dir='ltr'><strong>cap.</strong></span> <span class='ocrx_word' id='word_1_2' title='bbox 563 368 594 443; x_wconf 88' lang='lat'><strong>1.</strong></span> <span class='ocrx_word' id='word_1_3' title='bbox 647 366 704 442; x_wconf 78' lang='lat' dir='ltr'><strong>De</strong></span> <span class='ocrx_word' id='word_1_4' title='bbox 732 366 895 462; x_wconf 69' lang='lat' dir='ltr'><strong>Epistolis.</strong></span> <span class='ocrx_word' id='word_1_5' title='bbox 1054 398 1125 465; x_wconf 70' lang='grc' dir='ltr'><strong>ιη</strong></span> 
     </span>
    </p>
   </div>
   <div class='ocr_carea' id='block_1_2' title="bbox 159 548 1200 3975">
    <p class='ocr_par' dir='ltr' id='par_1_2' title="bbox 159 548 1200 3975">
     <span class='ocr_line' id='line_1_2' title="bbox 211 548 1127 663; baseline 0.007 -34"><span class='ocrx_word' id='word_1_6' title='bbox 211 548 411 643; x_wconf 78' lang='lat' dir='ltr'><strong>moratione,</strong></span> <span class='ocrx_word' id='word_1_7' title='bbox 427 575 560 657; x_wconf 83' lang='lat' dir='ltr'><strong>propter</strong></span> <span class='ocrx_word' id='word_1_8' title='bbox 574 580 651 656; x_wconf 86' lang='lat' dir='ltr'><strong>quas</strong></span> <span class='ocrx_word' id='word_1_9' title='bbox 671 552 864 652; x_wconf 85' lang='lat' dir='ltr'><strong>gaudemus,</strong></span> <span class='ocrx_word' id='word_1_10' title='bbox 881 553 1041 645; x_wconf 79' lang='lat' dir='ltr'><strong>dolemus,</strong></span> <span class='ocrx_word' id='word_1_11' title='bbox 1054 588 1127 663; x_wconf 85' lang='lat' dir='ltr'><strong>gra·</strong></span> 
     </span>
     <span class='ocr_line' id='line_1_3' title="bbox 211 658 1126 765; baseline 0.007 -31"><span class='ocrx_word' id='word_1_12' title='bbox 211 667 269 735; x_wconf 88' lang='lat' dir='ltr'><strong>tias</strong></span> <span class='ocrx_word' id='word_1_13' title='bbox 291 665 439 759; x_wconf 79' lang='lat' dir='ltr'><strong>agimus,</strong></span> <span class='ocrx_word' id='word_1_14' title='bbox 474 684 646 757; x_wconf 76' lang='lat' dir='ltr'><strong>rogamus,</strong></span> <span class='ocrx_word' id='word_1_15' title='bbox 678 658 966 733; x_wconf 81' lang='lat' dir='ltr'><strong>commendamus:</strong></span> <span class='ocrx_word' id='word_1_16' title='bbox 990 690 1072 765; x_wconf 89' lang='lat' dir='ltr'><strong>quae</strong></span> <span class='ocrx_word' id='word_1_17' title='bbox 1092 687 1126 743; x_wconf 87' lang='lat' dir='ltr'><strong>vt</strong></span> 
     </span>
     <span class='ocr_line' id='line_1_4' title="bbox 209 763 1126 865; baseline 0.004 -26"><span class='ocrx_word' id='word_1_18' title='bbox 209 785 305 839; x_wconf 86' lang='lat' dir='ltr'><strong>eruut</strong></span> <span class='ocrx_word' id='word_1_19' title='bbox 321 769 503 862; x_wconf 83' lang='lat' dir='ltr'><strong>grauiores,</strong></span> <span class='ocrx_word' id='word_1_20' title='bbox 526 767 568 833; x_wconf 87' lang='lat' dir='ltr'><strong>ita</strong></span> <span class='ocrx_word' id='word_1_21' title='bbox 585 767 691 861; x_wconf 84' lang='lat' dir='ltr'><strong>tnagis</strong></span> <span class='ocrx_word' id='word_1_22' title='bbox 708 763 869 837; x_wconf 89' lang='lat' dir='ltr'><strong>valebunt.</strong></span> <span class='ocrx_word' id='word_1_23' title='bbox 902 766 1012 865; x_wconf 86' lang='lat' dir='ltr'><strong>ltaque</strong></span> <span class='ocrx_word' id='word_1_24' title='bbox 1027 772 1126 845; x_wconf 85' lang='lat' dir='ltr'><strong>etiam</strong></span> 
     </span>
     <span class='ocr_line' id='line_1_5' title="bbox 207 865 1175 970; baseline 0.001 -25"><span class='ocrx_word' id='word_1_25' title='bbox 207 865 376 945; x_wconf 86' lang='lat' dir='ltr'><strong>interdum</strong></span> <span class='ocrx_word' id='word_1_26' title='bbox 405 865 572 964; x_wconf 79' lang='lat' dir='ltr'><strong>augendae</strong></span> <span class='ocrx_word' id='word_1_27' title='bbox 598 894 646 939; x_wconf 90' lang='lat' dir='ltr'><strong>res</strong></span> <span class='ocrx_word' id='word_1_28' title='bbox 671 886 785 952; x_wconf 86' lang='lat' dir='ltr'><strong>eruut,</strong></span> <span class='ocrx_word' id='word_1_29' title='bbox 834 867 931 943; x_wconf 85' lang='lat' dir='ltr'><strong>veluti</strong></span> <span class='ocrx_word' id='word_1_30' title='bbox 960 875 1124 970; x_wconf 87' lang='lat' dir='ltr'><strong>ingratiis</strong></span> <span class='ocrx_word' id='word_1_31' title='bbox 1172 884 1175 891; x_wconf 82' lang='grc'>’</span> 
     </span>
     <span class='ocr_line' id='line_1_6' title="bbox 206 970 1120 1073; baseline 0.002 -26"><span class='ocrx_word' id='word_1_32' title='bbox 206 971 356 1073; x_wconf 77' lang='lat' dir='ltr'><strong>agendis,</strong></span> <span class='ocrx_word' id='word_1_33' title='bbox 369 971 517 1045; x_wconf 84' lang='lat' dir='ltr'><strong>beneficii</strong></span> <span class='ocrx_word' id='word_1_34' title='bbox 533 976 654 1069; x_wconf 85' lang='lat' dir='ltr'><strong>accepti</strong></span> <span class='ocrx_word' id='word_1_35' title='bbox 673 970 899 1069; x_wconf 77' lang='lat' dir='ltr'><strong>magnitudine</strong></span> <span class='ocrx_word' id='word_1_36' title='bbox 916 970 1120 1049; x_wconf 82' lang='lat' dir='ltr'><strong>declaranda.</strong></span> 
     </span>
     <span class='ocr_line' id='line_1_7' title="bbox 205 1069 1121 1178; baseline 0 -25"><span class='ocrx_word' id='word_1_37' title='bbox 205 1082 338 1153; x_wconf 85' lang='lat' dir='ltr'><strong>Etenim</strong></span> <span class='ocrx_word' id='word_1_38' title='bbox 355 1096 388 1147; x_wconf 89' lang='lat' dir='ltr'><strong>vt</strong></span> <span class='ocrx_word' id='word_1_39' title='bbox 402 1069 435 1147; x_wconf 89' lang='lat' dir='ltr'><strong>se</strong></span> <span class='ocrx_word' id='word_1_40' title='bbox 453 1080 522 1174; x_wconf 89' lang='lat' dir='ltr'><strong>quis</strong></span> <span class='ocrx_word' id='word_1_41' title='bbox 539 1080 644 1172; x_wconf 87' lang='lat' dir='ltr'><strong>magis</strong></span> <span class='ocrx_word' id='word_1_42' title='bbox 663 1073 781 1149; x_wconf 86' lang='lat' dir='ltr'><strong>debere</strong></span> <span class='ocrx_word' id='word_1_43' title='bbox 803 1075 923 1178; x_wconf 84' lang='lat' dir='ltr'><strong>aliquid</strong></span> <span class='ocrx_word' id='word_1_44' title='bbox 945 1076 1062 1153; x_wconf 87' lang='lat' dir='ltr'><strong>fatetur</strong></span> <span class='ocrx_word' id='word_1_45' title='bbox 1076 1099 1121 1153; x_wconf 84' lang='lat' dir='ltr'><strong>et·</strong></span> 
     </span>
     <span class='ocr_line' id='line_1_8' title="bbox 207 1175 1162 1283; baseline 0.003 -30"><span class='ocrx_word' id='word_1_46' title='bbox 207 1208 268 1283; x_wconf 91' lang='lat' dir='ltr'><strong>que</strong></span> <span class='ocrx_word' id='word_1_47' title='bbox 282 1176 504 1263; x_wconf 86' lang='lat' dir='ltr'><strong>dernonllrat,</strong></span> <span class='ocrx_word' id='word_1_48' title='bbox 530 1204 571 1249; x_wconf 88' lang='lat' dir='ltr'><strong>eo</strong></span> <span class='ocrx_word' id='word_1_49' title='bbox 592 1184 697 1274; x_wconf 79' lang='lat' dir='ltr'><strong>stragis</strong></span> <span class='ocrx_word' id='word_1_50' title='bbox 712 1175 865 1250; x_wconf 85' lang='lat' dir='ltr'><strong>credibile</strong></span> <span class='ocrx_word' id='word_1_51' title='bbox 880 1177 973 1267; x_wconf 87' lang='lat' dir='ltr'><strong>facit,</strong></span> <span class='ocrx_word' id='word_1_52' title='bbox 1007 1178 1038 1254; x_wconf 90' lang='lat' dir='ltr'><strong>se</strong></span> <span class='ocrx_word' id='word_1_53' title='bbox 1052 1210 1120 1257; x_wconf 87' lang='lat' dir='ltr'><strong>me·</strong></span> <span class='ocrx_word' id='word_1_54' title='bbox 1160 1271 1162 1277; x_wconf 69' lang='lat'><strong>,</strong></span> 
     </span>
     <span class='ocr_line' id='line_1_9' title="bbox 207 1276 1200 1383; baseline 0.001 -24"><span class='ocrx_word' id='word_1_55' title='bbox 207 1310 339 1359; x_wconf 88' lang='lat' dir='ltr'><strong>morem</strong></span> <span class='ocrx_word' id='word_1_56' title='bbox 363 1276 427 1355; x_wconf 82' lang='lat' dir='ltr'><strong>effe</strong></span> <span class='ocrx_word' id='word_1_57' title='bbox 448 1281 559 1355; x_wconf 82' lang='lat' dir='ltr'><strong>officii.</strong></span> <span class='ocrx_word' id='word_1_58' title='bbox 627 1284 743 1383; x_wconf 88' lang='lat' dir='ltr'><strong>Neque</strong></span> <span class='ocrx_word' id='word_1_59' title='bbox 765 1287 853 1353; x_wconf 90' lang='lat' dir='ltr'><strong>enim</strong></span> <span class='ocrx_word' id='word_1_60' title='bbox 875 1287 1041 1383; x_wconf 84' lang='lat' dir='ltr'><strong>probabile</strong></span> <span class='ocrx_word' id='word_1_61' title='bbox 1063 1287 1120 1376; x_wconf 84' lang='lat' dir='ltr'><strong>eli,</strong></span> <span class='ocrx_word' id='word_1_62' title='bbox 1194 1358 1200 1375; x_wconf 68' lang='grc'>,</span> 
     </span>
     <span class='ocr_line' id='line_1_10' title="bbox 206 1385 1118 1485; baseline 0.003 -24"><span class='ocrx_word' id='word_1_63' title='bbox 206 1416 308 1469; x_wconf 78' lang='lat' dir='ltr'><strong>euni,</strong></span> <span class='ocrx_word' id='word_1_64' title='bbox 328 1391 383 1485; x_wconf 91' lang='lat' dir='ltr'><strong>qui</strong></span> <span class='ocrx_word' id='word_1_65' title='bbox 399 1385 515 1459; x_wconf 82' lang='lat' dir='ltr'><strong>multas</strong></span> <span class='ocrx_word' id='word_1_66' title='bbox 531 1410 728 1482; x_wconf 86' lang='lat' dir='ltr'><strong>magnasque</strong></span> <span class='ocrx_word' id='word_1_67' title='bbox 745 1385 846 1456; x_wconf 89' lang='lat' dir='ltr'><strong>officii</strong></span> <span class='ocrx_word' id='word_1_68' title='bbox 864 1385 970 1461; x_wconf 85' lang='lat' dir='ltr'><strong>causas</strong></span> <span class='ocrx_word' id='word_1_69' title='bbox 991 1392 1118 1479; x_wconf 61' lang='lat' dir='ltr'><strong>habeat,</strong></span> 
     </span>
     <span class='ocr_line' id='line_1_11' title="bbox 209 1487 1117 1589; baseline 0.006 -26"><span class='ocrx_word' id='word_1_70' title='bbox 209 1489 254 1563; x_wconf 91' lang='lat' dir='ltr'><strong>de</strong></span> <span class='ocrx_word' id='word_1_71' title='bbox 270 1496 377 1587; x_wconf 86' lang='lat' dir='ltr'><strong>iisque¹</strong></span> <span class='ocrx_word' id='word_1_72' title='bbox 386 1495 516 1589; x_wconf 83' lang='lat' dir='ltr'><strong>cogitet,</strong></span> <span class='ocrx_word' id='word_1_73' title='bbox 539 1487 760 1586; x_wconf 83' lang='lat' dir='ltr'><strong>negligentem</strong></span> <span class='ocrx_word' id='word_1_74' title='bbox 775 1487 874 1559; x_wconf 86' lang='lat' dir='ltr'><strong>officii</strong></span> <span class='ocrx_word' id='word_1_75' title='bbox 885 1489 959 1576; x_wconf 83' lang='lat' dir='ltr'><strong>elle,</strong></span> <span class='ocrx_word' id='word_1_76' title='bbox 980 1512 1117 1568; x_wconf 89' lang='lat' dir='ltr'><strong>autnon</strong></span> 
     </span>
     <span class='ocr_line' id='line_1_12' title="bbox 210 1589 1117 1697; baseline 0.002 -30"><span class='ocrx_word' id='word_1_77' title='bbox 210 1590 300 1667; x_wconf 73' lang='lat' dir='ltr'><strong>affici</strong></span> <span class='ocrx_word' id='word_1_78' title='bbox 321 1597 428 1667; x_wconf 76' lang='lat' dir='ltr'><strong>animo</strong></span> <span class='ocrx_word' id='word_1_79' title='bbox 448 1599 510 1677; x_wconf 88' lang='lat' dir='ltr'><strong>ita,</strong></span> <span class='ocrx_word' id='word_1_80' title='bbox 544 1612 578 1663; x_wconf 90' lang='lat' dir='ltr'><strong>vt</strong></span> <span class='ocrx_word' id='word_1_81' title='bbox 597 1589 721 1663; x_wconf 77' lang='lat' dir='ltr'><strong>debeat.</strong></span> <span class='ocrx_word' id='word_1_82' title='bbox 776 1590 873 1665; x_wconf 89' lang='lat' dir='ltr'><strong>Vnde</strong></span> <span class='ocrx_word' id='word_1_83' title='bbox 896 1598 1016 1692; x_wconf 85' lang='lat' dir='ltr'><strong>Cicero</strong></span> <span class='ocrx_word' id='word_1_84' title='bbox 1044 1596 1117 1697; x_wconf 83' lang='lat' dir='ltr'><strong>poll</strong></span> 
     </span>
     <span class='ocr_line' id='line_1_13' title="bbox 204 1690 1115 1797; baseline 0.003 -26"><span class='ocrx_word' id='word_1_85' title='bbox 204 1698 309 1771; x_wconf 87' lang='lat' dir='ltr'><strong>talem</strong></span> <span class='ocrx_word' id='word_1_86' title='bbox 330 1701 681 1797; x_wconf 73' lang='lat' dir='ltr'><strong>commemorationem</strong></span> <span class='ocrx_word' id='word_1_87' title='bbox 704 1690 868 1769; x_wconf 84' lang='lat' dir='ltr'><strong>causarum</strong></span> <span class='ocrx_word' id='word_1_88' title='bbox 889 1691 1043 1773; x_wconf 85' lang='lat' dir='ltr'><strong>subiicere</strong></span> <span class='ocrx_word' id='word_1_89' title='bbox 1064 1696 1115 1775; x_wconf 90' lang='lat' dir='ltr'><strong>so·</strong></span> 
     </span>
     <span class='ocr_line' id='line_1_14' title="bbox 200 1802 1113 1904; baseline 0.003 -29"><span class='ocrx_word' id='word_1_90' title='bbox 200 1802 263 1879; x_wconf 83' lang='lat' dir='ltr'><strong>let:</strong></span> <span class='ocrx_word' id='word_1_91' title='bbox 290 1805 432 1904; x_wconf 57' lang='lat' dir='ltr'><strong>marest</strong></span> <span class='ocrx_word' id='word_1_92' title='bbox 440 1830 487 1877; x_wconf 79' lang='lat' dir='ltr'><strong>me</strong></span> <span class='ocrx_word' id='word_1_93' title='bbox 502 1808 613 1873; x_wconf 81' lang='lat' dir='ltr'><strong>bonum</strong></span> <span class='ocrx_word' id='word_1_94' title='bbox 628 1805 747 1888; x_wconf 79' lang='lat' dir='ltr'><strong>vitum,</strong></span> <span class='ocrx_word' id='word_1_95' title='bbox 759 1802 796 1903; x_wconf 73' lang='lat' dir='ltr'><em>fi</em></span> <span class='ocrx_word' id='word_1_96' title='bbox 805 1827 979 1889; x_wconf 76' lang='lat' dir='ltr'><strong>cremorem,</strong></span> <span class='ocrx_word' id='word_1_97' title='bbox 989 1807 1025 1903; x_wconf 81' lang='lat' dir='ltr'><em>ſs</em></span> <span class='ocrx_word' id='word_1_98' title='bbox 1033 1830 1113 1904; x_wconf 83' lang='lat' dir='ltr'><strong>gro·</strong></span> 
     </span>
     <span class='ocr_line' id='line_1_15' title="bbox 203 1905 1112 2005; baseline 0.003 -24"><span class='ocrx_word' id='word_1_99' title='bbox 203 1922 288 1993; x_wconf 73' lang='lat' dir='ltr'><strong>tren,</strong></span> <span class='ocrx_word' id='word_1_100' title='bbox 313 1907 340 1988; x_wconf 68' lang='lat' dir='ltr'><em>st</em></span> <span class='ocrx_word' id='word_1_101' title='bbox 357 1910 492 2005; x_wconf 77' lang='lat' dir='ltr'><strong>dignum</strong></span> <span class='ocrx_word' id='word_1_102' title='bbox 506 1906 660 2001; x_wconf 79' lang='lat' dir='ltr'><strong>berrefict&#39;is</strong></span> <span class='ocrx_word' id='word_1_103' title='bbox 675 1910 742 1979; x_wconf 84' lang='lat' dir='ltr'><strong>tuis</strong></span> <span class='ocrx_word' id='word_1_104' title='bbox 757 1908 891 1988; x_wconf 72' lang='lat' dir='ltr'><strong>redimi,</strong></span> <span class='ocrx_word' id='word_1_105' title='bbox 916 1926 971 1979; x_wconf 84' lang='lat' dir='ltr'><strong>aut</strong></span> <span class='ocrx_word' id='word_1_106' title='bbox 987 1905 1112 1984; x_wconf 77' lang='lat' dir='ltr'><strong>similia.</strong></span> 
     </span>
     <span class='ocr_line' id='line_1_16' title="bbox 253 2005 1111 2111; baseline 0.005 -28"><span class='ocrx_word' id='word_1_107' title='bbox 253 2034 343 2103; x_wconf 76' lang='lat'><strong>250.</strong></span> <span class='ocrx_word' id='word_1_108' title='bbox 371 2016 412 2083; x_wconf 91' lang='lat' dir='ltr'><strong>lu</strong></span> <span class='ocrx_word' id='word_1_109' title='bbox 434 2005 534 2083; x_wconf 79' lang='lat' dir='ltr'><strong>caulis</strong></span> <span class='ocrx_word' id='word_1_110' title='bbox 549 2029 658 2081; x_wconf 88' lang='lat' dir='ltr'><strong>autem</strong></span> <span class='ocrx_word' id='word_1_111' title='bbox 672 2007 866 2107; x_wconf 88' lang='lat' dir='ltr'><strong>reperiendis</strong></span> <span class='ocrx_word' id='word_1_112' title='bbox 880 2008 946 2083; x_wconf 89' lang='lat' dir='ltr'><strong>duo</strong></span> <span class='ocrx_word' id='word_1_113' title='bbox 970 2015 1111 2111; x_wconf 88' lang='lat' dir='ltr'><strong>plerum·</strong></span> 
     </span>
     <span class='ocr_line' id='line_1_17' title="bbox 205 2107 1110 2212; baseline 0.007 -27"><span class='ocrx_word' id='word_1_114' title='bbox 205 2138 265 2212; x_wconf 88' lang='lat' dir='ltr'><strong>que</strong></span> <span class='ocrx_word' id='word_1_115' title='bbox 283 2108 430 2187; x_wconf 86' lang='lat' dir='ltr'><strong>videnda</strong></span> <span class='ocrx_word' id='word_1_116' title='bbox 450 2107 540 2196; x_wconf 88' lang='lat' dir='ltr'><strong>sunt,</strong></span> <span class='ocrx_word' id='word_1_117' title='bbox 560 2112 703 2212; x_wconf 85' lang='lat' dir='ltr'><strong>primum</strong></span> <span class='ocrx_word' id='word_1_118' title='bbox 725 2138 792 2199; x_wconf 86' lang='lat' dir='ltr'><strong>res,</strong></span> <span class='ocrx_word' id='word_1_119' title='bbox 821 2117 910 2187; x_wconf 89' lang='lat' dir='ltr'><strong>cuius</strong></span> <span class='ocrx_word' id='word_1_120' title='bbox 932 2112 1024 2189; x_wconf 83' lang='lat' dir='ltr'><strong>eausa</strong></span> <span class='ocrx_word' id='word_1_121' title='bbox 1048 2144 1110 2191; x_wconf 92' lang='lat' dir='ltr'><strong>nos</strong></span> 
     </span>
     <span class='ocr_line' id='line_1_18' title="bbox 206 2213 1108 2321; baseline 0.006 -32"><span class='ocrx_word' id='word_1_122' title='bbox 206 2214 331 2302; x_wconf 78' lang='lat' dir='ltr'><strong>laetari,</strong></span> <span class='ocrx_word' id='word_1_123' title='bbox 357 2215 479 2299; x_wconf 86' lang='lat' dir='ltr'><strong>dolete,</strong></span> <span class='ocrx_word' id='word_1_124' title='bbox 498 2225 614 2315; x_wconf 85' lang='lat' dir='ltr'><strong>gratias</strong></span> <span class='ocrx_word' id='word_1_125' title='bbox 631 2243 726 2316; x_wconf 87' lang='lat' dir='ltr'><strong>agere</strong></span> <span class='ocrx_word' id='word_1_126' title='bbox 741 2213 892 2302; x_wconf 84' lang='lat' dir='ltr'><strong>dicimus,</strong></span> <span class='ocrx_word' id='word_1_127' title='bbox 916 2245 1015 2319; x_wconf 89' lang='lat' dir='ltr'><strong>quam</strong></span> <span class='ocrx_word' id='word_1_128' title='bbox 1031 2227 1108 2321; x_wconf 90' lang='lat' dir='ltr'><strong>peti-</strong></span> 
     </span>
     <span class='ocr_line' id='line_1_19' title="bbox 201 2316 1108 2419; baseline 0.002 -24"><span class='ocrx_word' id='word_1_129' title='bbox 201 2346 273 2395; x_wconf 87' lang='lat' dir='ltr'><strong>mus</strong></span> <span class='ocrx_word' id='word_1_130' title='bbox 289 2343 354 2394; x_wconf 90' lang='lat' dir='ltr'><strong>etc.</strong></span> <span class='ocrx_word' id='word_1_131' title='bbox 375 2318 493 2393; x_wconf 89' lang='lat' dir='ltr'><strong>deiude</strong></span> <span class='ocrx_word' id='word_1_132' title='bbox 517 2316 688 2419; x_wconf 85' lang='lat' dir='ltr'><strong>personae:</strong></span> <span class='ocrx_word' id='word_1_133' title='bbox 717 2345 821 2417; x_wconf 82' lang='lat' dir='ltr'><strong>neque</strong></span> <span class='ocrx_word' id='word_1_134' title='bbox 835 2319 940 2390; x_wconf 90' lang='lat' dir='ltr'><strong>modo</strong></span> <span class='ocrx_word' id='word_1_135' title='bbox 958 2333 1045 2407; x_wconf 85' lang='lat' dir='ltr'><strong>eius,</strong></span> <span class='ocrx_word' id='word_1_136' title='bbox 1066 2323 1108 2412; x_wconf 83' lang='lat' dir='ltr'><strong>ed</strong></span> 
     </span>
     <span class='ocr_line' id='line_1_20' title="bbox 198 2417 1108 2527; baseline 0.001 -30"><span class='ocrx_word' id='word_1_137' title='bbox 198 2450 299 2527; x_wconf 88' lang='lat' dir='ltr'><strong>quam</strong></span> <span class='ocrx_word' id='word_1_138' title='bbox 329 2420 498 2513; x_wconf 77' lang='lat' dir='ltr'><strong>scribitur,</strong></span> <span class='ocrx_word' id='word_1_139' title='bbox 544 2419 598 2495; x_wconf 88' lang='lat' dir='ltr'><strong>sed</strong></span> <span class='ocrx_word' id='word_1_140' title='bbox 631 2427 728 2494; x_wconf 89' lang='lat' dir='ltr'><strong>etiam</strong></span> <span class='ocrx_word' id='word_1_141' title='bbox 756 2446 838 2521; x_wconf 90' lang='lat' dir='ltr'><strong>quae</strong></span> <span class='ocrx_word' id='word_1_142' title='bbox 860 2417 983 2495; x_wconf 84' lang='lat' dir='ltr'><strong>scribit:</strong></span> <span class='ocrx_word' id='word_1_143' title='bbox 1030 2448 1108 2513; x_wconf 83' lang='lat' dir='ltr'><strong>cum</strong></span> 
     </span>
     <span class='ocr_line' id='line_1_21' title="bbox 197 2520 1108 2631; baseline 0 -29"><span class='ocrx_word' id='word_1_144' title='bbox 197 2534 342 2631; x_wconf 87' lang='lat' dir='ltr'><strong>petimus</strong></span> <span class='ocrx_word' id='word_1_145' title='bbox 357 2529 437 2611; x_wconf 85' lang='lat' dir='ltr'><strong>aliis,</strong></span> <span class='ocrx_word' id='word_1_146' title='bbox 461 2533 559 2601; x_wconf 87' lang='lat' dir='ltr'><strong>etiam</strong></span> <span class='ocrx_word' id='word_1_147' title='bbox 575 2526 654 2599; x_wconf 91' lang='lat' dir='ltr'><strong>illius</strong></span> <span class='ocrx_word' id='word_1_148' title='bbox 670 2520 779 2622; x_wconf 80' lang='lat' dir='ltr'><strong>ipsius,</strong></span> <span class='ocrx_word' id='word_1_149' title='bbox 805 2523 856 2597; x_wconf 90' lang='lat' dir='ltr'><strong>cui</strong></span> <span class='ocrx_word' id='word_1_150' title='bbox 874 2530 998 2625; x_wconf 80' lang='lat' dir='ltr'><strong>petitur.</strong></span> <span class='ocrx_word' id='word_1_151' title='bbox 1032 2528 1108 2607; x_wconf 79' lang='lat' dir='ltr'><strong>Vel·</strong></span> 
     </span>
     <span class='ocr_line' id='line_1_22' title="bbox 196 2622 1107 2732; baseline -0.001 -25"><span class='ocrx_word' id='word_1_152' title='bbox 196 2636 265 2720; x_wconf 77' lang='lat' dir='ltr'><strong>uti,</strong></span> <span class='ocrx_word' id='word_1_153' title='bbox 289 2636 455 2732; x_wconf 87' lang='lat' dir='ltr'><strong>ingratiis</strong></span> <span class='ocrx_word' id='word_1_154' title='bbox 479 2622 634 2730; x_wconf 72' lang='lat' dir='ltr'><strong>agendis,</strong></span> <span class='ocrx_word' id='word_1_155' title='bbox 664 2624 1107 2731; x_wconf 86' lang='lat' dir='ltr'><strong>caulaedueenturprimum</strong></span> 
     </span>
     <span class='ocr_line' id='line_1_23' title="bbox 197 2726 1162 2836; baseline -0.004 -25"><span class='ocrx_word' id='word_1_156' title='bbox 197 2735 461 2836; x_wconf 77' lang='lat' dir='ltr'><strong>smagnitudine</strong></span> <span class='ocrx_word' id='word_1_157' title='bbox 483 2735 629 2808; x_wconf 84' lang='lat' dir='ltr'><strong>beneficii</strong></span> <span class='ocrx_word' id='word_1_158' title='bbox 652 2726 765 2833; x_wconf 83' lang='lat' dir='ltr'><strong>ipllus,</strong></span> <span class='ocrx_word' id='word_1_159' title='bbox 798 2728 949 2807; x_wconf 86' lang='lat' dir='ltr'><strong>deindea</strong></span> <span class='ocrx_word' id='word_1_160' title='bbox 971 2731 1107 2834; x_wconf 87' lang='lat' dir='ltr'><strong>dignita·</strong></span> <span class='ocrx_word' id='word_1_161' title='bbox 1159 2748 1162 2753; x_wconf 77' lang='grc'><em>’</em></span> 
     </span>
     <span class='ocr_line' id='line_1_24' title="bbox 198 2836 1159 2936; baseline 0 -23"><span class='ocrx_word' id='word_1_162' title='bbox 198 2836 249 2923; x_wconf 82' lang='lat' dir='ltr'><strong>te,</strong></span> <span class='ocrx_word' id='word_1_163' title='bbox 289 2844 422 2913; x_wconf 88' lang='lat' dir='ltr'><strong>caritate</strong></span> <span class='ocrx_word' id='word_1_164' title='bbox 442 2840 628 2925; x_wconf 87' lang='lat' dir='ltr'><strong>tribuentis,</strong></span> <span class='ocrx_word' id='word_1_165' title='bbox 662 2838 755 2911; x_wconf 85' lang='lat' dir='ltr'><strong>nullo</strong></span> <span class='ocrx_word' id='word_1_166' title='bbox 777 2843 966 2936; x_wconf 71' lang='lat' dir='ltr'><strong>&#39;accipientis</strong></span> <span class='ocrx_word' id='word_1_167' title='bbox 986 2844 1106 2917; x_wconf 80' lang='lat' dir='ltr'><strong>merito</strong></span> <span class='ocrx_word' id='word_1_168' title='bbox 1155 2875 1159 2884; x_wconf 89' lang='lat'>·</span> 
     </span>
     <span class='ocr_line' id='line_1_25' title="bbox 198 2940 1107 3045; baseline 0 -28"><span class='ocrx_word' id='word_1_169' title='bbox 198 2941 398 3043; x_wconf 56' lang='lat' dir='ltr'><strong>prouocata&#39;,</strong></span> <span class='ocrx_word' id='word_1_170' title='bbox 426 2941 564 3044; x_wconf 87' lang='lat' dir='ltr'><strong>denique</strong></span> <span class='ocrx_word' id='word_1_171' title='bbox 580 2946 620 3017; x_wconf 89' lang='lat' dir='ltr'><strong>ab</strong></span> <span class='ocrx_word' id='word_1_172' title='bbox 635 2968 695 3031; x_wconf 90' lang='lat' dir='ltr'><strong>e0,</strong></span> <span class='ocrx_word' id='word_1_173' title='bbox 725 2944 780 3043; x_wconf 91' lang='lat' dir='ltr'><strong>qui</strong></span> <span class='ocrx_word' id='word_1_174' title='bbox 799 2948 940 3045; x_wconf 86' lang='lat' dir='ltr'><strong>accepit,</strong></span> <span class='ocrx_word' id='word_1_175' title='bbox 969 2943 1050 3015; x_wconf 91' lang='lat' dir='ltr'><strong>nibil</strong></span> <span class='ocrx_word' id='word_1_176' title='bbox 1063 2940 1107 3017; x_wconf 87' lang='lat' dir='ltr'><strong>de</strong></span> 
     </span>
     <span class='ocr_line' id='line_1_26' title="bbox 199 3038 1105 3146; baseline 0.004 -27"><span class='ocrx_word' id='word_1_177' title='bbox 199 3050 333 3121; x_wconf 74' lang='lat' dir='ltr'><strong>auctore</strong></span> <span class='ocrx_word' id='word_1_178' title='bbox 349 3047 495 3121; x_wconf 89' lang='lat' dir='ltr'><strong>beneficii</strong></span> <span class='ocrx_word' id='word_1_179' title='bbox 517 3053 667 3133; x_wconf 86' lang='lat' dir='ltr'><strong>meritus,</strong></span> <span class='ocrx_word' id='word_1_180' title='bbox 678 3071 794 3146; x_wconf 84' lang='lat' dir='ltr'><strong>neque</strong></span> <span class='ocrx_word' id='word_1_181' title='bbox 813 3044 1040 3129; x_wconf 80' lang='lat' dir='ltr'><strong>remunerandi</strong></span> <span class='ocrx_word' id='word_1_182' title='bbox 1057 3038 1105 3125; x_wconf 82' lang='lat' dir='ltr'><strong>fa·</strong></span> 
     </span>
     <span class='ocr_line' id='line_1_27' title="bbox 198 3144 1104 3254; baseline 0.001 -31"><span class='ocrx_word' id='word_1_183' title='bbox 198 3152 354 3227; x_wconf 83' lang='lat' dir='ltr'><strong>mltatem</strong></span> <span class='ocrx_word' id='word_1_184' title='bbox 369 3154 505 3235; x_wconf 84' lang='lat' dir='ltr'><strong>hebens,</strong></span> <span class='ocrx_word' id='word_1_185' title='bbox 525 3173 584 3228; x_wconf 88' lang='lat' dir='ltr'><strong>etc.</strong></span> <span class='ocrx_word' id='word_1_186' title='bbox 600 3176 797 3254; x_wconf 89' lang='lat' dir='ltr'><strong>quamquam</strong></span> <span class='ocrx_word' id='word_1_187' title='bbox 814 3153 893 3223; x_wconf 86' lang='lat' dir='ltr'><strong>haec</strong></span> <span class='ocrx_word' id='word_1_188' title='bbox 909 3174 1041 3253; x_wconf 79' lang='lat' dir='ltr'><strong>guoque</strong></span> <span class='ocrx_word' id='word_1_189' title='bbox 1061 3144 1104 3229; x_wconf 83' lang='lat' dir='ltr'><strong>ad</strong></span> 
     </span>
     <span class='ocr_line' id='line_1_28' title="bbox 197 3251 1104 3356; baseline 0.001 -29"><span class='ocrx_word' id='word_1_190' title='bbox 197 3254 388 3354; x_wconf 80' lang='lat' dir='ltr'><strong>sugendum</strong></span> <span class='ocrx_word' id='word_1_191' title='bbox 403 3260 581 3356; x_wconf 87' lang='lat' dir='ltr'><strong>pertinent,</strong></span> <span class='ocrx_word' id='word_1_192' title='bbox 614 3251 749 3354; x_wconf 86' lang='lat' dir='ltr'><strong>suntque</strong></span> <span class='ocrx_word' id='word_1_193' title='bbox 764 3251 920 3351; x_wconf 77' lang='lat' dir='ltr'><strong>explicata</strong></span> <span class='ocrx_word' id='word_1_194' title='bbox 941 3256 976 3326; x_wconf 90' lang='lat' dir='ltr'><strong>in</strong></span> <span class='ocrx_word' id='word_1_195' title='bbox 1000 3259 1104 3356; x_wconf 82' lang='lat' dir='ltr'><strong>capite</strong></span> 
     </span>
     <span class='ocr_line' id='line_1_29' title="bbox 198 3352 1104 3459; baseline 0 -28"><span class='ocrx_word' id='word_1_196' title='bbox 198 3354 237 3431; x_wconf 88' lang='lat' dir='ltr'><strong>de</strong></span> <span class='ocrx_word' id='word_1_197' title='bbox 251 3361 335 3433; x_wconf 82' lang='lat' dir='ltr'><strong>locis</strong></span> <span class='ocrx_word' id='word_1_198' title='bbox 355 3358 598 3459; x_wconf 79' lang='lat' dir='ltr'><strong>magnitudinis.</strong></span> <span class='ocrx_word' id='word_1_199' title='bbox 650 3363 689 3430; x_wconf 93' lang='lat' dir='ltr'><strong>ln</strong></span> <span class='ocrx_word' id='word_1_200' title='bbox 705 3352 991 3446; x_wconf 80' lang='lat' dir='ltr'><strong>conuneudaudO,</strong></span> <span class='ocrx_word' id='word_1_201' title='bbox 1019 3389 1036 3432; x_wconf 87' lang='lat' dir='ltr'><strong>a</strong></span> <span class='ocrx_word' id='word_1_202' title='bbox 1057 3366 1104 3431; x_wconf 88' lang='lat' dir='ltr'><strong>rei</strong></span> 
     </span>
     <span class='ocr_line' id='line_1_30' title="bbox 198 3457 1105 3566; baseline -0.004 -29"><span class='ocrx_word' id='word_1_203' title='bbox 198 3470 375 3566; x_wconf 77' lang='lat' dir='ltr'><strong>aequitate,</strong></span> <span class='ocrx_word' id='word_1_204' title='bbox 406 3462 558 3537; x_wconf 83' lang='lat' dir='ltr'><strong>facilitate</strong></span> <span class='ocrx_word' id='word_1_205' title='bbox 578 3480 672 3534; x_wconf 80' lang='lat' dir='ltr'><strong>etoa</strong></span> <span class='ocrx_word' id='word_1_206' title='bbox 694 3457 915 3533; x_wconf 83' lang='lat' dir='ltr'><strong>commendati</strong></span> <span class='ocrx_word' id='word_1_207' title='bbox 938 3459 1105 3563; x_wconf 78' lang='lat' dir='ltr'><strong>dignitate,</strong></span> 
     </span>
     <span class='ocr_line' id='line_1_31' title="bbox 159 3562 1103 3654; baseline 0 -15"><span class='ocrx_word' id='word_1_208' title='bbox 159 3598 161 3603; x_wconf 94' lang='lat'>·</span> <span class='ocrx_word' id='word_1_209' title='bbox 198 3568 260 3645; x_wconf 81' lang='lat' dir='ltr'><strong>hoc</strong></span> <span class='ocrx_word' id='word_1_210' title='bbox 272 3567 332 3654; x_wconf 74' lang='lat' dir='ltr'><strong>est,</strong></span> <span class='ocrx_word' id='word_1_211' title='bbox 347 3570 474 3652; x_wconf 90' lang='lat' dir='ltr'><strong>virtute,</strong></span> <span class='ocrx_word' id='word_1_212' title='bbox 488 3567 645 3651; x_wconf 89' lang='lat' dir='ltr'><strong>moribus,</strong></span> <span class='ocrx_word' id='word_1_213' title='bbox 660 3568 793 3649; x_wconf 90' lang='lat' dir='ltr'><strong>meritis,</strong></span> <span class='ocrx_word' id='word_1_214' title='bbox 809 3590 827 3635; x_wconf 79' lang='lat' dir='ltr'>a</span> <span class='ocrx_word' id='word_1_215' title='bbox 841 3562 1103 3639; x_wconf 86' lang='lat' dir='ltr'><strong>commendantis</strong></span> 
     </span>
     <span class='ocr_line' id='line_1_32' title="bbox 177 3656 1103 3773; baseline 0 -34"><span class='ocrx_word' id='word_1_216' title='bbox 177 3656 337 3771; x_wconf 55' lang='lat' dir='ltr'><strong>&#39;denique</strong></span> <span class='ocrx_word' id='word_1_217' title='bbox 349 3670 482 3755; x_wconf 84' lang='lat' dir='ltr'><strong>officio,</strong></span> <span class='ocrx_word' id='word_1_218' title='bbox 504 3696 572 3773; x_wconf 87' lang='lat' dir='ltr'><strong>quo</strong></span> <span class='ocrx_word' id='word_1_219' title='bbox 595 3664 748 3766; x_wconf 82' lang='lat' dir='ltr'><strong>impulsus</strong></span> <span class='ocrx_word' id='word_1_220' title='bbox 770 3668 988 3743; x_wconf 86' lang='lat' dir='ltr'><strong>commendat.</strong></span> <span class='ocrx_word' id='word_1_221' title='bbox 1037 3664 1103 3757; x_wconf 81' lang='lat' dir='ltr'><strong>Sed</strong></span> 
     </span>
     <span class='ocr_line' id='line_1_33' title="bbox 200 3767 1167 3877; baseline -0.009 -30"><span class='ocrx_word' id='word_1_222' title='bbox 200 3772 253 3849; x_wconf 81' lang='lat' dir='ltr'><strong>illa</strong></span> <span class='ocrx_word' id='word_1_223' title='bbox 269 3772 449 3867; x_wconf 75' lang='lat' dir='ltr'><strong>fere&#39;erunt</strong></span> <span class='ocrx_word' id='word_1_224' title='bbox 462 3781 496 3845; x_wconf 92' lang='lat' dir='ltr'><strong>iu</strong></span> <span class='ocrx_word' id='word_1_225' title='bbox 507 3793 656 3875; x_wconf 85' lang='lat' dir='ltr'><strong>-protntu,</strong></span> <span class='ocrx_word' id='word_1_226' title='bbox 671 3767 856 3877; x_wconf 80' lang='lat' dir='ltr'><strong>praesertim</strong></span> <span class='ocrx_word' id='word_1_227' title='bbox 869 3778 919 3861; x_wconf 85' lang='lat' dir='ltr'><strong>iis,</strong></span> <span class='ocrx_word' id='word_1_228' title='bbox 939 3772 994 3871; x_wconf 92' lang='lat' dir='ltr'><strong>qui</strong></span> <span class='ocrx_word' id='word_1_229' title='bbox 1010 3771 1105 3853; x_wconf 74' lang='lat' dir='ltr'><strong>Cice·</strong></span> <span class='ocrx_word' id='word_1_230' title='bbox 1129 3844 1133 3857; x_wconf 39' lang='grc' dir='ltr'><strong><em>Ι</em></strong></span> <span class='ocrx_word' id='word_1_231' title='bbox 1164 3800 1167 3805; x_wconf 57' lang='grc'>’</span> 
     </span>
     <span class='ocr_line' id='line_1_34' title="bbox 218 3874 1103 3975; baseline -0.005 -20"><span class='ocrx_word' id='word_1_232' title='bbox 218 3878 358 3971; x_wconf 61' lang='lat' dir='ltr'><strong>‚met</strong></span> <span class='ocrx_word' id='word_1_233' title='bbox 378 3885 474 3951; x_wconf 80' lang='lat' dir='ltr'><strong>iniria·</strong></span> <span class='ocrx_word' id='word_1_234' title='bbox 495 3878 498 3883; x_wconf 72' lang='grc'><strong>’</strong></span> <span class='ocrx_word' id='word_1_235' title='bbox 718 3882 807 3975; x_wconf 80' lang='grc' dir='ltr'><strong>(Η)</strong></span> <span class='ocrx_word' id='word_1_236' title='bbox 830 3954 833 3959; x_wconf 65' lang='grc'>,</span> <span class='ocrx_word' id='word_1_237' title='bbox 997 3874 1103 3939; x_wconf 57' lang='lat' dir='ltr'><strong>Ml*-</strong></span> 
     </span>
    </p>
   </div>
   <div class='ocr_carea' id='block_1_3' title="bbox 0 0 1360 4434">
    <p class='ocr_par' dir='ltr' id='par_1_3' title="bbox 0 0 1360 4434">
     <span class='ocr_line' id='line_1_35' title="bbox 0 0 1360 4434; baseline 0 7"><span class='ocrx_word' id='word_1_238' title='bbox 0 0 1360 4434; x_wconf 95' lang='lat' dir='ltr'><strong> </strong></span> 
     </span>
    </p>
   </div>
  </div>
 </body>
</html>
