2709 4434
159 355 162 359 .
222 302 241 319 ⁸
290 326 372 429 cap
388 304 470 409 VII,
507 326 671 403 DrLocis
686 328 825 402 Generis
839 328 1013 405 Iudiciatis.
1068 352 1116 423 47

244 538 325 611 '87.
351 517 409 592 Est
423 538 530 591 autem
551 514 804 618 'etiam'quidam
824 512 1020 591 defendendi
1043 532 1118 591 moi

210 621 291 712 dus,
321 651 400 695 cum
415 643 446 694 et
462 621 584 696 factum
606 641 639 694 et
659 626 809 720 iniquitas
830 628 898 693 eius
920 620 1119 708 conceditur,

210 735 290 829 qnia
306 731 415 825 negari
431 723 569 827 diiuique
588 724 678 797 nullo
697 722 802 795 modo
821 723 936 845 Βοῐεῆ.
989 732 1028 797 In
1050 752 1115 826 quo

213 854 405 928 argumenta
418 829 576 918 duc'untut
596 830 679 902 vela
699 827 812 929 culpae
829 855 863 899 tn
882 828 965 903 alios
990 829 1118 900 transla-

216 942 323 1019 tione,
353 961 431 1035 qnae
452 942 534 1007 ratio
558 937 704 1005 maxime
723 937 758 1003 in
772 952 906 1030 promtu
924 930 970 1002 est
988 955 1120 1003 natura:

217 1037 311 1110 veluti
327 1041 441 1111 Cicero
458 1045 495 1111 in
509 1032 579 1138 ipso
594 1034 716 1109 Clodio
739 1036 872 1136 culpam
895 1030 959 1106 effe
980 1033 1119 1107 demon·
1191 1118 1194 1123 Δ

214 1140 306 1228 ssiat,
351 1170 447 1242 qnare
472 1173 492 1214 a
514 1141 644 1214 Milone
667 1138 853 1213 interfedius
872 1135 988 1211 fuerit:
1026 1136 1119 1238 quod

210 1241 323 1318 saltem
337 1244 378 1316 ad
392 1240 607 1316 minuendam
619 1240 772 1322 facinoris
792 1249 989 1317 atrocitatem
1010 1242 1119 1315 valere

213 1347 333 1418 debere
348 1362 495 1444 putatur:
526 1345 578 1418 rel
599 1347 638 1415 ab
654 1342 855 1418 excusatione
862 1394 881 1431 ,·
899 1373 984 1419 cunt·
996 1340 1028 1417 se
1047 1350 1119 1447 quie

217 1448 399 1521 necestitate
422 1449 528 1546 eliqua
551 1451 725 1531 madium,
762 1466 815 1519 ant
839 1445 969 1521 fortuna
990 1445 1118 1549 oppres·

219 1547 310 1635 sumi
341 1570 395 1620 aut
418 1576 526 1622 errore
547 1547 736 1650 deceptum,
770 1547 877 1625 fecisse
896 1550 1006 1638 docet,
1036 1580 1118 1653 quae

215 1651 427 1738 contractio,
449 1650 612 1726 accusator
625 1651 794 1734 ostendere
809 1652 945 1756 denique
965 1686 984 1730 a
1005 1652 1117 1756 depre·

211 1761 352 1839 catione,
376 1784 458 1856 quae
471 1762 598 1830 veniam
607 1752 685 1830 sacti
697 1764 807 1857 petita
823 1748 994 1833 clementia
1010 1782 1041 1831 et
1055 1767 1117 1834 mi}

210 1855 404 1945 scenordia,
427 1889 541 1960 ·quem
564 1858 694 1934 docebit
713 1857 776 1933 ess'e
795 1892 854 1964 per
872 1861 905 1937 se
926 1860 1116 1964 gloriosam,

209 1983 245 2036 et
269 1970 413 2036 maxime
434 1960 570 2064 dignam
588 1984 658 2038 tum
675 1971 786 2039 animo
802 1975 887 2054 einr,
912 1997 930 2040 a
951 1995 1017 2068 quo
1037 1975 1117 2066 peti·
1206 2052 1209 2057 .

207 2088 283 2153 tur,
309 2087 380 2139 tum
394 2075 505 2141 ceteris
521 2075 651 2156 meritis,
672 2075 799 2158 virtute,
815 2068 871 2171 spe
886 2069 1024 2170 denique
1038 2079 1118 2159 einr,

208 2178 267 2245 cui
283 2177 418 2271 petitur:
445 2201 526 2274 quae
542 2195 653 2247 contra
675 2170 839 2247 accusator
853 2202 933 2248 curn
953 2181 1002 2246 ius
1024 2198 1055 2247 ct
1073 2176 1118 2248 le·

209 2303 269 2375 ges
287 2278 428 2374 vrgebit‚
450 2300 521 2350 tum
534 2276 708 2375 indignum
730 2284 825 2346 venia
846 2305 939 2349 reum
960 2278 1117 2368 ostendet,

212 2377 377 2451 eleuendis
390 2385 447 2467 iis,
478 2410 559 2483 quae
582 2407 644 2478 pro
665 2379 821 2474 dignitate
841 2383 908 2450 eius
930 2376 1016 2452 dicia
1034 2378 1118 2468 suun

216 2489 424 2577 etrcontreriis
438 2480 750 2557 commemorandis.

272 2604 328 2674 88.-
352 2592 433 2660 Sunt
445 2596 544 2661 etiarn
564 2594 598 2658 in
612 2592 676 2659 hoc
697 2606 817 2682 genere
839 2579 1003 2657 causarum
1024 2612 1118 2686 argu·-

214 2711 341 2777 menta‚
365 2718 447 2792 quae
464 2685 609 2786 ἄτεχνα
628 2689 822 2763 Rhetoribus
845 2708 1017 2787 nocentur,
1048 2708 1118 2765 non
1161 2752 1164 2759 ,

211 2797 265 2869 itta
279 2792 414 2897 quidem
431 2802 539 2871 omnis
554 2799 627 2867 artie
644 2802 675 2866 in
691 2790 859 2868 tradendo
877 2799 1039 2893 expertir-A
1060 2790 1117 2869 sed

211 2927 280 2973 non
303 2925 322 2969 e
344 2918 457 2970 natura
475 2897 585 2971 causae
605 2921 748 3000 reperta,-
791 2925 905 2972 verum
926 2893 1117 2973 extrinsecus

210 3000 349 3076 adscita:
363 3005 465 3076 veluti
472 3002 703 3090 testimonium,
709 2999 774 3075 fine
780 2998 892 3102 sponte
900 2997 1037 3090 editum,
1049 3002 1117 3078 siue

211 3135 270 3208 per
294 3127 459 3180 tormenta
478 3104 676 3209 expressum,
707 3105 946 3192 iusiurandum,
970 3112 1063 3209 padio
1083 3130 1118 3183 et

213 3232 386 3284 conuenta.
410 3220 459 3283 Ae
470 3210 510 3284 de
526 3212 653 3312 legibu's
664 3206 735 3285 setis
750 3209 873 3284 dictum
888 3208 942 3286 est.
963 3214 1118 3314 Reliqum

213 3342 287 3388 rum
302 3317 449 3388 nestorio
462 3319 522 3387 hac
534 3316 606 3414 lege
616 3320 809 3401 continetur,
827 3335 869 3399 rt,
882 3342 1027 3414 cumpro
1044 3345 1118 3388 ceo·

212 3416 245 3492 sa
256 3417 330 3504 sint,-
346 3417 581 3503 eorumfidem‚
597 3426 787 3517 grauitatem
804 3416 1034 3506 defendamus3
1056 3418 1118 3488 elo

214 3550 342 3606 vernus,
356 3549 433 3593 cum
448 3544 559 3594 contra
573 3522 642 3596 sint.
669 3520 734 3595 Sed
744 3521 784 3594 de
797 3527 845 3596 his
859 3519 1012 3595 subtiliter
1028 3547 1119 3618 praep

214 3633 336 3726 cipere,
350 3650 421 3695 non
437 3624 482 3696 est
494 3626 624 3699 instituti
635 3626 744 3704 nostri
770 3632 904 3725 Legann
919 3626 1120 3724 quibustanti

215 3729 262 3804 est
277 3723 493 3829 cognoscere,
518 3729 612 3823 Arist.
626 3734 726 3806 nnec
742 3737 775 3819 1,
796 3747 855 3822 44.
868 3727 920 3803 ed.
935 3732 1056 3891 Stung
1067 3816 1123 3891 m
