2709 4434
416 364 499 463 cap.
520 318 580 445 II..
620 368 679 443 Da
705 366 927 445 orarentur.
1039 396 1115 467 ,aar

205 554 299 631 detur
312 552 427 631 studiis
440 577 473 629 et
487 556 742 646 beneuolentiae,
761 577 823 635 etc.
840 563 1033 640 hominum·
1076 570 1118 641 Iu

200 666 269 737 hoc
290 686 414 761 genere
433 660 549 735 itidem
568 667 614 733 vti
636 668 881 762 comparatione
902 666 1117 767 inaugurandi

199 765 322 869 pollis,
347 792 425 841 turn
445 765 554 866 aliquo
566 763 712 840 eiusdem
728 765 852 843 ordinis
868 768 974 858 claro,
997 776 1116 847 etimi-

199 878 323 947 tatione
338 868 445 971 digno
461 875 555 945 uiro:
585 892 620 943 vt
640 878 668 943 ei
690 878 749 973 p'ar
765 867 834 945 stue
852 870 912 961 fit,
939 871 1009 949 liue
1028 871 1115 956 futu·

199 986 252 1051 'rus
266 974 321 1053 fit.
777 1044 783 1052 .
838 1048 842 1055 ,
881 1050 884 1055 .

199 1132 203 1143 .
252 1084 342 1172 276.
367 1070 504 1153 sed-ast
518 1071 611 1151 ,aliud
633 1101 737 1173 genua
755 1072 990 1177 inaugurandi,
1024 1074 1116 1178 quod

199 1179 343 1257 versatur
356 1181 393 1253 ru
415 1180 527 1265 rebus,
561 1178 647 1251 velut
663 1182 813 1279 templis,
842 1179 976 1268 scholis,
1006 1188 1116 1269 curiit,

199 1286 344 1387 aliisque,
367 1308 450 1385 quae
465 1280 608 1357 dedicari
624 1286 771 1365 oratione
784 1282 899 1367 solent.
948 1290 1043 1361 Haec
1057 1284 1113 1361 de-

199 1388 326 1463 dicatio
345 1386 389 1459 est
404 1412 428 1457 ,ο
449 1386 595 1487 pluribus
623 1389 796 1485 generibus
823 1394 938 1469 mixta.
1002 1391 1114 1469 Habet
1156 1476 1158 1483 ¹

199 1498 300 1565 enim
314 1486 573 1589 gratulationem,
596 1490 812 1587 pertinentem
832 1489 874 1563 ad
897 1517 973 1577 eos,
996 1495 1112 1595 quibua

201 1592 275 1669 istis
294 1587 497 1695 prospicitur:
536 1600 781 1695 gratiarumque
802 1598 989 1681 astionem,
1029 1622 1114 1697 quae

199 1694 344 1771 debetur
360 1702 406 1785 ei,
440 1703 651 1787 coloseum,
688 1696 879 1785 liberalitas,
919 1698 1113 1775 intercelfitr

199 1830 283 1907 quae
320 1802 435 1873 ambae
463 1799 612 1875 ¹conllant
643 1798 918 1877 demonstratione
949 1803 1111 1895 beneficii,

199 1904 287 2011 quod
300 1910 458 2023 apcipitur
474 1912 507 1977 in
528 1905 593 1979 illis
611 1908 706 1979 rebus
718 1928 750 1980 et
769 1910 941 1981 tribuiture-
961 1913 1110 1983 cohorta-

199 2018 343 2105 tionem,
378 2036 469 2111 ¹quae
494 2009 708 2085 commendat
735 2017 881 2112 primum
912 2011 1110 2089 beneficium

199 2120 214 2187 i
239 2110 317 2203 lum,
332 2132 365 2185 et
382 2111 499 2186 deinde
515 2110 605 2185 vsurn
619 2120 677 2200 rei,
703 2137 840 2189 enatura
856 2112 964 2215 ipsius,
979 2136 1011 2191 et
1028 2144 1109 2191 con·
1131 2166 1136 2179 ·

243 2224 272 2293 'u
291 2218 459 2305 audierim.
472 2237 504 2290 et
519 2224 644 2315 gratiae
664 2239 697 2291 et
720 2217 904 2318 diligentiae
926 2228 1109 2297 utentium:

199 2320 339 2425 denique
353 2340 430 2395 vota
451 2342 483 2395 et
503 2325 626 2395 omina.
678 2326 832 2419 Qorum
851 2326 1001 2394 omnium
1023 2332 1111 2398 ratio

199 2432 228 2501 in
243 2422 462 2527 superioribus
483 2424 655 2525 generibus
677 2422 723 2493 eli
741 2417 814 2495 satis
834 2422 1002 2523 explicata.
1053 2431 1109 2503 Et,

199 2536 264 2605 iam
280 2534 432 2606 aditiales
453 2535 616 2602 orationes
641 2531 751 2599 vocari
773 2524 974 2626 inauguralea
993 2522 1110 2615 solent,

199 2640 320 2711 uarum
336 2638 417 2707 tatio
435 2638 502 2706 iarn
520 2629 614 2733 supra
628 2627 843 2703 demonstrata
857 2630 913 2703 est.
1085 2710 1112 2721 Ἰ

250 2764 337 2830 277.
356 2741 485 2811 Sunt-er
497 2736 575 2810 aliae
586 2732 715 2808 formae
726 2740 911 2808 orationum
927 2732 1057 2809 vlitatae
1071 2738 1111 2815 in

199 2840 381 2919 solennibus
397 2840 628 2928 conuentibus,
654 2868 738 2940 quae
752 2834 824 2915 sunt
838 2867 857 2915 e
871 2864 991 2940 genere
1008 2836 1112 2937 pane}

199 2952 324 3049 gyrico.
346 2943 424 3031 Sed,
438 2940 597 3046 quia-*fere
611 2944 760 3019 constant
772 2950 948 3044 gratiarum
963 2943 1128 3031 adiutum„

199 3072 249 3126 aut
263 3048 489 3151 gratulatione,
510 3067 564 3122 aut
576 3046 682 3135 laude,
704 3070 758 3123 aut
771 3043 1113 3147 officiipromiffiuneg

199 3175 248 3229 rut
261 3154 386 3254 aliquot
400 3154 517 3252 harum
539 3146 702 3252 partium,
727 3180 803 3254 quau
824 3147 890 3253 ipsa
904 3176 954 3224 res
974 3176 1113 3255 quoque⁸

199 3259 270 3335 loro
284 3276 487 3358 ac'tempore
503 3255 675 3330 indicabit:
702 3282 771 3333 uon
785 3282 869 3357 opus
888 3254 1010 3331 habeut
1027 3280 1118 3357 prm..

199 3370 263 3465 pria
276 3368 516 3464 praeceptione,
542 3357 727 3462 praesertim
742 3360 1030 3462 completumque
1048 3358 1113 3449 dra„

199 3472 291 3541 beant
313 3462 377 3541 effe
397 3468 571 3544 breuiores.
624 3467 775 3550 Etenim,
806 3470 861 3566 qui
880 3462 1022 3539 modum
1041 3484 1110 3535 tra··

199 3570 392 3657 standarum
411 3597 568 3671 generum
588 3592 706 3641 eorum
722 3576 898 3667 cognouit,
921 3566 965 3643 de
986 3567 1112 3669 quibus,

199 3672 419 3779 exposuimus,
444 3682 478 3748 in
491 3680 540 3748 his
556 3699 625 3745 non
636 3672 805 3749 laborabit.
1105 3744 1109 3751 ,

246 3798 334 3872 278.
360 3782 466 3883 Atque
481 3785 583 3855 etiam
598 3775 763 3851 interdum
777 3758 1101 3883 respondendum-pst

279 3890 300 3939 ².
662 3882 774 3978 (12)
979 3886 1099 3961 otatru·
1154 3892 1159 3897 ·
