<?xml version="1.0" encoding="UTF-8"?>
<!DOCTYPE html PUBLIC "-//W3C//DTD XHTML 1.0 Transitional//EN"
    "http://www.w3.org/TR/xhtml1/DTD/xhtml1-transitional.dtd">
<html xmlns="http://www.w3.org/1999/xhtml" xml:lang="en" lang="en">
 <head>
  <title>
</title>
<meta http-equiv="Content-Type" content="text/html;charset=utf-8" />
  <meta name='ocr-system' content='tesseract 3.04.00' />
  <meta name='ocr-capabilities' content='ocr_page ocr_carea ocr_par ocr_line ocrx_word'/>
</head>
<body>
  <div class='ocr_page' id='page_1' title='image "./initiarhetorica00ernegoog_0107.png"; bbox 0 0 2709 4434; ppageno 0'>
   <div class='ocr_carea' id='block_1_1' title="bbox 236 218 379 272">
    <p class='ocr_par' dir='ltr' id='par_1_1' title="bbox 236 218 379 272">
     <span class='ocr_line' id='line_1_1' title="bbox 236 218 379 272; baseline -0.007 1"><span class='ocrx_word' id='word_1_1' title='bbox 236 218 379 272; x_wconf 43' lang='lat' dir='ltr'><strong>Vt</strong></span> 
     </span>
    </p>
   </div>
   <div class='ocr_carea' id='block_1_2' title="bbox 239 293 1177 485">
    <p class='ocr_par' dir='ltr' id='par_1_2' title="bbox 239 293 1177 485">
     <span class='ocr_line' id='line_1_2' title="bbox 239 293 1177 485; baseline -0.01 -54"><span class='ocrx_word' id='word_1_2' title='bbox 239 376 330 485; x_wconf 61' lang='lat' dir='ltr'><strong>tm</strong></span> <span class='ocrx_word' id='word_1_3' title='bbox 366 293 447 452; x_wconf 65' lang='lat' dir='ltr'><strong>clp,</strong></span> <span class='ocrx_word' id='word_1_4' title='bbox 461 352 529 426; x_wconf 83' lang='lat'><strong>111.</strong></span> <span class='ocrx_word' id='word_1_5' title='bbox 566 341 901 466; x_wconf 69' lang='lat' dir='ltr'><strong>DeProptrsttimt‘tt</strong></span> <span class='ocrx_word' id='word_1_6' title='bbox 914 349 1113 424; x_wconf 69' lang='lat' dir='ltr'><strong>Paraetoni.</strong></span> <span class='ocrx_word' id='word_1_7' title='bbox 1164 424 1177 449; x_wconf 27' lang='grc' dir='ltr'><strong>Ι,</strong></span> 
     </span>
    </p>
   </div>
   <div class='ocr_carea' id='block_1_3' title="bbox 191 520 1190 3986">
    <p class='ocr_par' dir='ltr' id='par_1_3' title="bbox 191 520 1190 3986">
     <span class='ocr_line' id='line_1_3' title="bbox 309 520 1169 642; baseline -0.008 -23"><span class='ocrx_word' id='word_1_8' title='bbox 309 520 639 642; x_wconf 64' lang='lat' dir='ltr'><strong>214.Netpuevero</strong></span> <span class='ocrx_word' id='word_1_9' title='bbox 665 536 794 642; x_wconf 82' lang='lat' dir='ltr'><strong>semper</strong></span> <span class='ocrx_word' id='word_1_10' title='bbox 815 539 946 641; x_wconf 86' lang='lat' dir='ltr'><strong>partitio</strong></span> <span class='ocrx_word' id='word_1_11' title='bbox 976 561 1060 613; x_wconf 84' lang='lat' dir='ltr'><strong>certa</strong></span> <span class='ocrx_word' id='word_1_12' title='bbox 1089 566 1169 641; x_wconf 85' lang='lat' dir='ltr'><strong>qua·</strong></span> 
     </span>
     <span class='ocr_line' id='line_1_4' title="bbox 191 640 1169 746; baseline -0.006 -24"><span class='ocrx_word' id='word_1_13' title='bbox 191 640 193 647; x_wconf 38' lang='lat'><strong>¹</strong></span> <span class='ocrx_word' id='word_1_14' title='bbox 257 645 336 730; x_wconf 81' lang='lat' dir='ltr'><strong>dnm</strong></span> <span class='ocrx_word' id='word_1_15' title='bbox 349 647 422 746; x_wconf 86' lang='lat' dir='ltr'><strong>lege</strong></span> <span class='ocrx_word' id='word_1_16' title='bbox 440 645 495 719; x_wconf 87' lang='lat' dir='ltr'><strong>tnli</strong></span> <span class='ocrx_word' id='word_1_17' title='bbox 514 645 638 746; x_wconf 83' lang='lat' dir='ltr'><strong>potest,</strong></span> <span class='ocrx_word' id='word_1_18' title='bbox 661 669 716 718; x_wconf 91' lang='lat' dir='ltr'><strong>aut</strong></span> <span class='ocrx_word' id='word_1_19' title='bbox 738 642 834 717; x_wconf 87' lang='lat' dir='ltr'><strong>debet</strong></span> <span class='ocrx_word' id='word_1_20' title='bbox 854 644 947 730; x_wconf 69' lang='lat' dir='ltr'><strong>fietiz,</strong></span> <span class='ocrx_word' id='word_1_21' title='bbox 974 641 1028 718; x_wconf 89' lang='lat' dir='ltr'><strong>sed</strong></span> <span class='ocrx_word' id='word_1_22' title='bbox 1052 645 1169 717; x_wconf 90' lang='lat' dir='ltr'><strong>viden-</strong></span> 
     </span>
     <span class='ocr_line' id='line_1_5' title="bbox 257 745 1171 859; baseline -0.002 -34"><span class='ocrx_word' id='word_1_23' title='bbox 257 749 352 853; x_wconf 76' lang='lat' dir='ltr'><strong>dum,</strong></span> <span class='ocrx_word' id='word_1_24' title='bbox 372 747 450 857; x_wconf 90' lang='lat' dir='ltr'><strong>quid</strong></span> <span class='ocrx_word' id='word_1_25' title='bbox 459 748 525 822; x_wconf 88' lang='lat' dir='ltr'><strong>dici</strong></span> <span class='ocrx_word' id='word_1_26' title='bbox 538 746 666 837; x_wconf 80' lang='lat' dir='ltr'><strong>debent,</strong></span> <span class='ocrx_word' id='word_1_27' title='bbox 689 745 787 850; x_wconf 89' lang='lat' dir='ltr'><strong>idque</strong></span> <span class='ocrx_word' id='word_1_28' title='bbox 802 746 843 820; x_wconf 88' lang='lat' dir='ltr'><strong>ad</strong></span> <span class='ocrx_word' id='word_1_29' title='bbox 857 776 938 850; x_wconf 86' lang='lat' dir='ltr'><strong>quae</strong></span> <span class='ocrx_word' id='word_1_30' title='bbox 954 755 1055 850; x_wconf 82' lang='lat' dir='ltr'><strong>capita</strong></span> <span class='ocrx_word' id='word_1_31' title='bbox 1070 749 1171 859; x_wconf 82' lang='lat' dir='ltr'><strong>polsrt</strong></span> 
     </span>
     <span class='ocr_line' id='line_1_6' title="bbox 258 849 1171 956; baseline -0.002 -26"><span class='ocrx_word' id='word_1_32' title='bbox 258 853 436 956; x_wconf 80' lang='lat' dir='ltr'>debeatque</span> <span class='ocrx_word' id='word_1_33' title='bbox 459 849 590 926; x_wconf 81' lang='lat' dir='ltr'><strong>referri:</strong></span> <span class='ocrx_word' id='word_1_34' title='bbox 632 853 736 956; x_wconf 81' lang='lat' dir='ltr'><strong>qualis</strong></span> <span class='ocrx_word' id='word_1_35' title='bbox 755 850 800 925; x_wconf 87' lang='lat' dir='ltr'><strong>ell</strong></span> <span class='ocrx_word' id='word_1_36' title='bbox 821 851 892 937; x_wconf 81' lang='lat' dir='ltr'><strong>illa,</strong></span> <span class='ocrx_word' id='word_1_37' title='bbox 929 881 1029 954; x_wconf 86' lang='lat' dir='ltr'><strong>quarn</strong></span> <span class='ocrx_word' id='word_1_38' title='bbox 1048 857 1171 928; x_wconf 79' lang='lat' dir='ltr'><strong>Cicero</strong></span> 
     </span>
     <span class='ocr_line' id='line_1_7' title="bbox 258 952 1173 1056; baseline -0.004 -22"><span class='ocrx_word' id='word_1_39' title='bbox 258 966 354 1053; x_wconf 89' lang='lat' dir='ltr'><strong>(Inu.</strong></span> <span class='ocrx_word' id='word_1_40' title='bbox 369 964 403 1046; x_wconf 83' lang='lat'><strong>1,</strong></span> <span class='ocrx_word' id='word_1_41' title='bbox 425 965 506 1056; x_wconf 82' lang='lat'>23.)</span> <span class='ocrx_word' id='word_1_42' title='bbox 519 953 646 1043; x_wconf 82' lang='lat' dir='ltr'><strong>laudat,</strong></span> <span class='ocrx_word' id='word_1_43' title='bbox 670 959 863 1030; x_wconf 86' lang='lat' dir='ltr'><strong>Terentiani</strong></span> <span class='ocrx_word' id='word_1_44' title='bbox 880 952 961 1031; x_wconf 89' lang='lat' dir='ltr'><strong>senis</strong></span> <span class='ocrx_word' id='word_1_45' title='bbox 974 955 1173 1046; x_wconf 80' lang='lat' dir='ltr'><strong>distributio,</strong></span> 
     </span>
     <span class='ocr_line' id='line_1_8' title="bbox 216 1056 1172 1166; baseline -0.005 -25"><span class='ocrx_word' id='word_1_46' title='bbox 216 1098 221 1113; x_wconf 87' lang='lat'><em>·</em></span> <span class='ocrx_word' id='word_1_47' title='bbox 259 1093 312 1152; x_wconf 78' lang='lat' dir='ltr'><strong>et,</strong></span> <span class='ocrx_word' id='word_1_48' title='bbox 337 1089 421 1166; x_wconf 83' lang='lat' dir='ltr'><strong>quee</strong></span> <span class='ocrx_word' id='word_1_49' title='bbox 434 1057 580 1136; x_wconf 71' lang='lat' dir='ltr'><strong>dicturus</strong></span> <span class='ocrx_word' id='word_1_50' title='bbox 594 1056 652 1146; x_wconf 79' lang='lat' dir='ltr'><strong>est,</strong></span> <span class='ocrx_word' id='word_1_51' title='bbox 677 1062 731 1134; x_wconf 85' lang='lat' dir='ltr'><strong>tali</strong></span> <span class='ocrx_word' id='word_1_52' title='bbox 748 1065 921 1160; x_wconf 83' lang='lat' dir='ltr'>partitione</span> <span class='ocrx_word' id='word_1_53' title='bbox 935 1071 1172 1163; x_wconf 82' lang='lat' dir='ltr'><strong>proponentis:</strong></span> 
     </span>
     <span class='ocr_line' id='line_1_9' title="bbox 260 1164 1173 1268; baseline -0.007 -22"><span class='ocrx_word' id='word_1_54' title='bbox 260 1196 297 1246; x_wconf 82' lang='lat' dir='ltr'><strong>to</strong></span> <span class='ocrx_word' id='word_1_55' title='bbox 304 1169 404 1267; x_wconf 65' lang='lat' dir='ltr'><strong>poblo</strong></span> <span class='ocrx_word' id='word_1_56' title='bbox 416 1182 451 1242; x_wconf 77' lang='lat' dir='ltr'><strong>tt</strong></span> <span class='ocrx_word' id='word_1_57' title='bbox 459 1173 558 1267; x_wconf 83' lang='lat' dir='ltr'><strong>gnati</strong></span> <span class='ocrx_word' id='word_1_58' title='bbox 571 1171 687 1255; x_wconf 78' lang='lat' dir='ltr'><strong>vitem,</strong></span> <span class='ocrx_word' id='word_1_59' title='bbox 712 1183 743 1241; x_wconf 83' lang='lat' dir='ltr'><strong>tt</strong></span> <span class='ocrx_word' id='word_1_60' title='bbox 757 1170 913 1264; x_wconf 72' lang='lat' dir='ltr'><strong>confilium</strong></span> <span class='ocrx_word' id='word_1_61' title='bbox 928 1195 1027 1255; x_wconf 81' lang='lat' dir='ltr'><strong>mrum</strong></span> <span class='ocrx_word' id='word_1_62' title='bbox 1040 1164 1173 1268; x_wconf 84' lang='lat' dir='ltr'><strong>cognos-</strong></span> 
     </span>
     <span class='ocr_line' id='line_1_10' title="bbox 261 1258 1174 1373; baseline -0.008 -24"><span class='ocrx_word' id='word_1_63' title='bbox 261 1258 338 1358; x_wconf 51' lang='grc' dir='ltr'><strong>ἔσῃ’</strong></span> <span class='ocrx_word' id='word_1_64' title='bbox 353 1273 593 1373; x_wconf 72' lang='lat' dir='ltr'><strong>ttqoidf&#39;attre</strong></span> <span class='ocrx_word' id='word_1_65' title='bbox 607 1273 801 1353; x_wconf 75' lang='lat' dir='ltr'><strong>inhaerete</strong></span> <span class='ocrx_word' id='word_1_66' title='bbox 823 1276 927 1348; x_wconf 74' lang='lat' dir='ltr'><strong>uelim.</strong></span> <span class='ocrx_word' id='word_1_67' title='bbox 979 1269 1101 1372; x_wconf 82' lang='lat' dir='ltr'><strong>Estque</strong></span> <span class='ocrx_word' id='word_1_68' title='bbox 1123 1277 1174 1343; x_wconf 88' lang='lat' dir='ltr'><strong>in·</strong></span> 
     </span>
     <span class='ocr_line' id='line_1_11' title="bbox 262 1369 1175 1475; baseline -0.002 -25"><span class='ocrx_word' id='word_1_69' title='bbox 262 1372 393 1450; x_wconf 77' lang='lat' dir='ltr'><strong>teldum</strong></span> <span class='ocrx_word' id='word_1_70' title='bbox 406 1401 476 1449; x_wconf 93' lang='lat' dir='ltr'><strong>non</strong></span> <span class='ocrx_word' id='word_1_71' title='bbox 488 1380 586 1448; x_wconf 83' lang='lat' dir='ltr'><strong>nimis</strong></span> <span class='ocrx_word' id='word_1_72' title='bbox 598 1369 693 1447; x_wconf 87' lang='lat' dir='ltr'><strong>facile</strong></span> <span class='ocrx_word' id='word_1_73' title='bbox 711 1393 767 1447; x_wconf 90' lang='lat' dir='ltr'><strong>aut</strong></span> <span class='ocrx_word' id='word_1_74' title='bbox 783 1373 904 1446; x_wconf 86' lang='lat' dir='ltr'><strong>nullius</strong></span> <span class='ocrx_word' id='word_1_75' title='bbox 918 1379 1058 1475; x_wconf 75' lang='lat' dir='ltr'><strong>ingenii,</strong></span> <span class='ocrx_word' id='word_1_76' title='bbox 1089 1377 1175 1448; x_wconf 85' lang='lat' dir='ltr'><strong>bene</strong></span> 
     </span>
     <span class='ocr_line' id='line_1_12' title="bbox 261 1483 1184 1585; baseline -0.001 -32"><span class='ocrx_word' id='word_1_77' title='bbox 261 1484 392 1585; x_wconf 77' lang='lat' dir='ltr'><strong>partiri,</strong></span> <span class='ocrx_word' id='word_1_78' title='bbox 416 1508 448 1552; x_wconf 87' lang='lat' dir='ltr'><strong>v.</strong></span> <span class='ocrx_word' id='word_1_79' title='bbox 461 1484 533 1559; x_wconf 82' lang='lat' dir='ltr'><strong>Cic.</strong></span> <span class='ocrx_word' id='word_1_80' title='bbox 548 1505 611 1578; x_wconf 91' lang='lat' dir='ltr'><strong>pro</strong></span> <span class='ocrx_word' id='word_1_81' title='bbox 624 1483 739 1582; x_wconf 80' lang='lat' dir='ltr'><strong>Qint.</strong></span> <span class='ocrx_word' id='word_1_82' title='bbox 758 1505 786 1550; x_wconf 92' lang='lat' dir='ltr'><strong>c.</strong></span> <span class='ocrx_word' id='word_1_83' title='bbox 807 1505 863 1551; x_wconf 87' lang='lat' dir='ltr'><strong>to.</strong></span> <span class='ocrx_word' id='word_1_84' title='bbox 1174 1534 1184 1552; x_wconf 70' lang='grc'>,</span> 
     </span>
     <span class='ocr_line' id='line_1_13' title="bbox 319 1575 1175 1678; baseline -0.008 -20"><span class='ocrx_word' id='word_1_85' title='bbox 319 1606 406 1677; x_wconf 77' lang='lat'><strong>215.</strong></span> <span class='ocrx_word' id='word_1_86' title='bbox 425 1586 513 1672; x_wconf 72' lang='lat' dir='ltr'><strong>,Sunt</strong></span> <span class='ocrx_word' id='word_1_87' title='bbox 534 1589 634 1656; x_wconf 88' lang='lat' dir='ltr'><strong>etiam</strong></span> <span class='ocrx_word' id='word_1_88' title='bbox 655 1581 833 1655; x_wconf 85' lang='lat' dir='ltr'><strong>nonnullae</strong></span> <span class='ocrx_word' id='word_1_89' title='bbox 862 1610 910 1655; x_wconf 85' lang='lat' dir='ltr'><strong>res</strong></span> <span class='ocrx_word' id='word_1_90' title='bbox 930 1587 972 1654; x_wconf 87' lang='lat' dir='ltr'><strong>ita</strong></span> <span class='ocrx_word' id='word_1_91' title='bbox 998 1575 1175 1678; x_wconf 82' lang='lat' dir='ltr'><strong>fimplicet,</strong></span> 
     </span>
     <span class='ocr_line' id='line_1_14' title="bbox 256 1675 1177 1790; baseline -0.003 -29"><span class='ocrx_word' id='word_1_92' title='bbox 256 1707 300 1761; x_wconf 80' lang='lat' dir='ltr'><strong>&#39;vt</strong></span> <span class='ocrx_word' id='word_1_93' title='bbox 312 1693 442 1790; x_wconf 87' lang='lat' dir='ltr'><strong>partitio</strong></span> <span class='ocrx_word' id='word_1_94' title='bbox 454 1687 542 1760; x_wconf 87' lang='lat' dir='ltr'><strong>nulla</strong></span> <span class='ocrx_word' id='word_1_95' title='bbox 561 1685 618 1760; x_wconf 76' lang='lat' dir='ltr'><strong>fit:</strong></span> <span class='ocrx_word' id='word_1_96' title='bbox 638 1684 736 1787; x_wconf 81' lang='lat' dir='ltr'><strong>‚quod</strong></span> <span class='ocrx_word' id='word_1_97' title='bbox 750 1704 860 1759; x_wconf 83' lang='lat' dir='ltr'><strong>tamen</strong></span> <span class='ocrx_word' id='word_1_98' title='bbox 881 1712 953 1759; x_wconf 91' lang='lat' dir='ltr'><strong>raro</strong></span> <span class='ocrx_word' id='word_1_99' title='bbox 974 1675 1109 1757; x_wconf 83' lang='lat' dir='ltr'><strong>accidit:</strong></span> <span class='ocrx_word' id='word_1_100' title='bbox 1139 1687 1177 1758; x_wconf 84' lang='lat' dir='ltr'><strong>in</strong></span> 
     </span>
     <span class='ocr_line' id='line_1_15' title="bbox 202 1786 1178 1893; baseline -0.002 -29"><span class='ocrx_word' id='word_1_101' title='bbox 202 1844 204 1851; x_wconf 84' lang='lat'><em>-</em></span> <span class='ocrx_word' id='word_1_102' title='bbox 263 1792 387 1893; x_wconf 48' lang='lat' dir='ltr'><strong>quibus*</strong></span> <span class='ocrx_word' id='word_1_103' title='bbox 406 1789 540 1862; x_wconf 84' lang='lat' dir='ltr'><strong>stultum</strong></span> <span class='ocrx_word' id='word_1_104' title='bbox 562 1788 620 1876; x_wconf 82' lang='lat' dir='ltr'><strong>fit,</strong></span> <span class='ocrx_word' id='word_1_105' title='bbox 649 1796 823 1889; x_wconf 84' lang='lat' dir='ltr'><strong>partitione</strong></span> <span class='ocrx_word' id='word_1_106' title='bbox 847 1795 892 1861; x_wconf 91' lang='lat' dir='ltr'><strong>vti</strong></span> <span class='ocrx_word' id='word_1_107' title='bbox 914 1787 1008 1862; x_wconf 89' lang='lat' dir='ltr'><strong>velle.</strong></span> <span class='ocrx_word' id='word_1_108' title='bbox 1061 1786 1178 1862; x_wconf 85' lang='lat' dir='ltr'><strong>Veluti</strong></span> 
     </span>
     <span class='ocr_line' id='line_1_16' title="bbox 265 1891 1177 1993; baseline -0.003 -25"><span class='ocrx_word' id='word_1_109' title='bbox 265 1898 387 1968; x_wconf 88' lang='lat' dir='ltr'><strong>Cicero</strong></span> <span class='ocrx_word' id='word_1_110' title='bbox 402 1894 675 1978; x_wconf 77' lang='lat' dir='ltr'><strong>morationibus,</strong></span> <span class='ocrx_word' id='word_1_111' title='bbox 702 1893 774 1992; x_wconf 87' lang='lat' dir='ltr'><strong>poll</strong></span> <span class='ocrx_word' id='word_1_112' title='bbox 789 1891 929 1983; x_wconf 80' lang='lat' dir='ltr'><strong>reditum</strong></span> <span class='ocrx_word' id='word_1_113' title='bbox 944 1892 985 1966; x_wconf 87' lang='lat' dir='ltr'><strong>ad</strong></span> <span class='ocrx_word' id='word_1_114' title='bbox 1000 1892 1177 1993; x_wconf 75' lang='lat' dir='ltr'><strong>populum,</strong></span> 
     </span>
     <span class='ocr_line' id='line_1_17' title="bbox 266 1993 1173 2097; baseline 0.001 -27"><span class='ocrx_word' id='word_1_115' title='bbox 266 2003 303 2070; x_wconf 90' lang='lat' dir='ltr'><strong>in</strong></span> <span class='ocrx_word' id='word_1_116' title='bbox 315 1993 424 2070; x_wconf 85' lang='lat' dir='ltr'><strong>senatu</strong></span> <span class='ocrx_word' id='word_1_117' title='bbox 440 1994 544 2086; x_wconf 75' lang='lat' dir='ltr'><strong>ditus,</strong></span> <span class='ocrx_word' id='word_1_118' title='bbox 569 1995 658 2069; x_wconf 88' lang='lat' dir='ltr'><strong>nulla</strong></span> <span class='ocrx_word' id='word_1_119' title='bbox 671 2003 843 2097; x_wconf 78' lang='lat' dir='ltr'><strong>partitione</strong></span> <span class='ocrx_word' id='word_1_120' title='bbox 858 1993 929 2071; x_wconf 82' lang='lat' dir='ltr'><strong>usus</strong></span> <span class='ocrx_word' id='word_1_121' title='bbox 943 1997 998 2069; x_wconf 87' lang='lat' dir='ltr'><strong>ell.</strong></span> <span class='ocrx_word' id='word_1_122' title='bbox 1032 1997 1115 2070; x_wconf 88' lang='lat' dir='ltr'><strong>Huc</strong></span> <span class='ocrx_word' id='word_1_123' title='bbox 1127 2023 1173 2071; x_wconf 86' lang='lat' dir='ltr'><strong>te·</strong></span> 
     </span>
     <span class='ocr_line' id='line_1_18' title="bbox 258 2095 1174 2201; baseline 0.001 -25"><span class='ocrx_word' id='word_1_124' title='bbox 258 2099 378 2184; x_wconf 69' lang='lat' dir='ltr'><strong>‘ferunt</strong></span> <span class='ocrx_word' id='word_1_125' title='bbox 391 2098 525 2201; x_wconf 86' lang='lat' dir='ltr'><strong>quidam</strong></span> <span class='ocrx_word' id='word_1_126' title='bbox 538 2128 608 2176; x_wconf 90' lang='lat' dir='ltr'><strong>non</strong></span> <span class='ocrx_word' id='word_1_127' title='bbox 623 2099 805 2177; x_wconf 80' lang='lat' dir='ltr'><strong>admodum</strong></span> <span class='ocrx_word' id='word_1_128' title='bbox 821 2105 914 2189; x_wconf 82' lang='lat' dir='ltr'><strong>bene,</strong></span> <span class='ocrx_word' id='word_1_129' title='bbox 934 2120 969 2175; x_wconf 89' lang='lat' dir='ltr'><strong>vt</strong></span> <span class='ocrx_word' id='word_1_130' title='bbox 984 2124 1117 2176; x_wconf 82' lang='lat' dir='ltr'><strong>exante</strong></span> <span class='ocrx_word' id='word_1_131' title='bbox 1127 2095 1174 2177; x_wconf 80' lang='lat' dir='ltr'><strong>dl·</strong></span> 
     </span>
     <span class='ocr_line' id='line_1_19' title="bbox 255 2197 1179 2308; baseline -0.003 -28"><span class='ocrx_word' id='word_1_132' title='bbox 255 2207 329 2280; x_wconf 71' lang='lat' dir='ltr'><strong>tiis</strong></span> <span class='ocrx_word' id='word_1_133' title='bbox 344 2205 447 2306; x_wconf 85' lang='lat' dir='ltr'><strong>patet,</strong></span> <span class='ocrx_word' id='word_1_134' title='bbox 471 2197 708 2306; x_wconf 70' lang='lat' dir='ltr'><strong>propositiones</strong></span> <span class='ocrx_word' id='word_1_135' title='bbox 725 2233 797 2293; x_wconf 80' lang='lat' dir='ltr'><strong>eas,</strong></span> <span class='ocrx_word' id='word_1_136' title='bbox 822 2233 904 2308; x_wconf 87' lang='lat' dir='ltr'><strong>quae</strong></span> <span class='ocrx_word' id='word_1_137' title='bbox 923 2207 1024 2290; x_wconf 82' lang='lat' dir='ltr'><strong>nihil,</strong></span> <span class='ocrx_word' id='word_1_138' title='bbox 1049 2205 1110 2279; x_wconf 82' lang='lat' dir='ltr'><strong>nist</strong></span> <span class='ocrx_word' id='word_1_139' title='bbox 1130 2221 1179 2279; x_wconf 75' lang='lat' dir='ltr'><strong>at&#39;·</strong></span> 
     </span>
     <span class='ocr_line' id='line_1_20' title="bbox 269 2308 1180 2411; baseline 0.001 -29"><span class='ocrx_word' id='word_1_140' title='bbox 269 2328 505 2411; x_wconf 82' lang='lat' dir='ltr'><strong>gumentorum</strong></span> <span class='ocrx_word' id='word_1_141' title='bbox 519 2309 806 2385; x_wconf 87' lang='lat' dir='ltr'><strong>confinnationern</strong></span> <span class='ocrx_word' id='word_1_142' title='bbox 822 2309 1011 2384; x_wconf 79' lang='lat' dir='ltr'><strong>desiderant.</strong></span> <span class='ocrx_word' id='word_1_143' title='bbox 1031 2309 1096 2383; x_wconf 85' lang='lat' dir='ltr'><strong>Sed</strong></span> <span class='ocrx_word' id='word_1_144' title='bbox 1106 2308 1180 2383; x_wconf 84' lang='lat' dir='ltr'><strong>suot</strong></span> 
     </span>
     <span class='ocr_line' id='line_1_21' title="bbox 269 2412 1181 2516; baseline 0 -28"><span class='ocrx_word' id='word_1_145' title='bbox 269 2420 368 2488; x_wconf 87' lang='lat' dir='ltr'><strong>etiam</strong></span> <span class='ocrx_word' id='word_1_146' title='bbox 386 2413 447 2486; x_wconf 86' lang='lat' dir='ltr'><strong>alia</strong></span> <span class='ocrx_word' id='word_1_147' title='bbox 463 2433 654 2513; x_wconf 87' lang='lat' dir='ltr'><strong>argumenta</strong></span> <span class='ocrx_word' id='word_1_148' title='bbox 676 2412 827 2515; x_wconf 77' lang='lat' dir='ltr'><strong>dicendi,</strong></span> <span class='ocrx_word' id='word_1_149' title='bbox 857 2416 1027 2516; x_wconf 86' lang='lat' dir='ltr'><strong>inquibus</strong></span> <span class='ocrx_word' id='word_1_150' title='bbox 1048 2419 1181 2515; x_wconf 85' lang='lat' dir='ltr'><strong>partitio</strong></span> 
     </span>
     <span class='ocr_line' id='line_1_22' title="bbox 270 2515 1183 2620; baseline 0.001 -29"><span class='ocrx_word' id='word_1_151' title='bbox 270 2515 572 2619; x_wconf 82' lang='lat' dir='ltr'><strong>disertanequeell,</strong></span> <span class='ocrx_word' id='word_1_152' title='bbox 594 2545 698 2620; x_wconf 86' lang='lat' dir='ltr'><strong>neque</strong></span> <span class='ocrx_word' id='word_1_153' title='bbox 717 2517 897 2592; x_wconf 87' lang='lat' dir='ltr'><strong>commode</strong></span> <span class='ocrx_word' id='word_1_154' title='bbox 911 2525 1057 2620; x_wconf 77' lang='lat' dir='ltr'><strong>ponitur,</strong></span> <span class='ocrx_word' id='word_1_155' title='bbox 1077 2519 1183 2593; x_wconf 86' lang='lat' dir='ltr'><strong>veluti</strong></span> 
     </span>
     <span class='ocr_line' id='line_1_23' title="bbox 271 2620 1183 2727; baseline 0.002 -32"><span class='ocrx_word' id='word_1_156' title='bbox 271 2649 350 2696; x_wconf 89' lang='lat' dir='ltr'><strong>cum</strong></span> <span class='ocrx_word' id='word_1_157' title='bbox 371 2620 540 2696; x_wconf 83' lang='lat' dir='ltr'><strong>laudamus</strong></span> <span class='ocrx_word' id='word_1_158' title='bbox 562 2620 705 2724; x_wconf 80' lang='lat' dir='ltr'><strong>aliquem</strong></span> <span class='ocrx_word' id='word_1_159' title='bbox 725 2651 785 2727; x_wconf 88' lang='lat' dir='ltr'><strong>per</strong></span> <span class='ocrx_word' id='word_1_160' title='bbox 805 2644 973 2726; x_wconf 78' lang='lat' dir='ltr'><strong>tempora,</strong></span> <span class='ocrx_word' id='word_1_161' title='bbox 1003 2643 1038 2696; x_wconf 86' lang='lat' dir='ltr'><strong>vt</strong></span> <span class='ocrx_word' id='word_1_162' title='bbox 1059 2622 1183 2697; x_wconf 76' lang='lat' dir='ltr'><strong>Plinius</strong></span> 
     </span>
     <span class='ocr_line' id='line_1_24' title="bbox 272 2723 1012 2827; baseline -0.001 -29"><span class='ocrx_word' id='word_1_163' title='bbox 272 2733 309 2801; x_wconf 86' lang='lat' dir='ltr'><strong>in</strong></span> <span class='ocrx_word' id='word_1_164' title='bbox 321 2731 524 2827; x_wconf 84' lang='lat' dir='ltr'><strong>Panegyrico</strong></span> <span class='ocrx_word' id='word_1_165' title='bbox 537 2723 627 2800; x_wconf 82' lang='lat' dir='ltr'><strong>fecit.</strong></span> <span class='ocrx_word' id='word_1_166' title='bbox 1008 2784 1012 2797; x_wconf 37' lang='lat' dir='ltr'><strong>r</strong></span> 
     </span>
     <span class='ocr_line' id='line_1_25' title="bbox 328 2825 1185 2929; baseline -0.001 -25"><span class='ocrx_word' id='word_1_167' title='bbox 328 2838 412 2906; x_wconf 77' lang='lat'><strong>216.</strong></span> <span class='ocrx_word' id='word_1_168' title='bbox 426 2829 481 2903; x_wconf 88' lang='lat' dir='ltr'><strong>Est</strong></span> <span class='ocrx_word' id='word_1_169' title='bbox 489 2855 587 2929; x_wconf 87' lang='lat' dir='ltr'><strong>porro</strong></span> <span class='ocrx_word' id='word_1_170' title='bbox 595 2833 724 2928; x_wconf 86' lang='lat' dir='ltr'><strong>partitio</strong></span> <span class='ocrx_word' id='word_1_171' title='bbox 732 2828 771 2901; x_wconf 86' lang='lat' dir='ltr'><strong>ali</strong></span> <span class='ocrx_word' id='word_1_172' title='bbox 795 2825 1185 2929; x_wconf 82' lang='lat' dir='ltr'><strong>uandostneproposttio·</strong></span> 
     </span>
     <span class='ocr_line' id='line_1_26' title="bbox 272 2858 1185 3037; baseline -0.002 -29"><span class='ocrx_word' id='word_1_173' title='bbox 272 2961 327 3028; x_wconf 81' lang='lat' dir='ltr'><strong>ne,</strong></span> <span class='ocrx_word' id='word_1_174' title='bbox 339 2961 421 3037; x_wconf 86' lang='lat' dir='ltr'><strong>quae</strong></span> <span class='ocrx_word' id='word_1_175' title='bbox 432 2931 594 3037; x_wconf 75' lang='lat' dir='ltr'><strong>quidemn</strong></span> <span class='ocrx_word' id='word_1_176' title='bbox 601 2858 922 3032; x_wconf 74' lang='lat' dir='ltr'><strong>partitioneleiuntla</strong></span> <span class='ocrx_word' id='word_1_177' title='bbox 935 2929 991 3005; x_wconf 85' lang='lat' dir='ltr'><strong>stt:</strong></span> <span class='ocrx_word' id='word_1_178' title='bbox 1011 2953 1090 3005; x_wconf 81' lang='lat' dir='ltr'><strong>narn</strong></span> <span class='ocrx_word' id='word_1_179' title='bbox 1102 2933 1185 3006; x_wconf 89' lang='lat' dir='ltr'><strong>alio·</strong></span> 
     </span>
     <span class='ocr_line' id='line_1_27' title="bbox 274 3033 1184 3141; baseline 0 -31"><span class='ocrx_word' id='word_1_180' title='bbox 274 3044 332 3141; x_wconf 91' lang='lat' dir='ltr'><strong>qui</strong></span> <span class='ocrx_word' id='word_1_181' title='bbox 347 3044 446 3136; x_wconf 78' lang='lat' dir='ltr'><strong>etiam</strong></span> <span class='ocrx_word' id='word_1_182' title='bbox 467 3043 597 3139; x_wconf 84' lang='lat' dir='ltr'><strong>partitio</strong></span> <span class='ocrx_word' id='word_1_183' title='bbox 619 3035 708 3136; x_wconf 83' lang='lat' dir='ltr'><strong>apud</strong></span> <span class='ocrx_word' id='word_1_184' title='bbox 728 3057 849 3112; x_wconf 86' lang='lat' dir='ltr'><strong>veteres</strong></span> <span class='ocrx_word' id='word_1_185' title='bbox 871 3033 1105 3139; x_wconf 14' lang='lat' dir='ltr'><strong>propolltionisv</strong></span> <span class='ocrx_word' id='word_1_186' title='bbox 1123 3063 1184 3110; x_wconf 87' lang='lat' dir='ltr'><strong>no·</strong></span> 
     </span>
     <span class='ocr_line' id='line_1_28' title="bbox 274 3140 1184 3245; baseline -0.004 -27"><span class='ocrx_word' id='word_1_187' title='bbox 274 3147 368 3218; x_wconf 84' lang='lat' dir='ltr'><strong>mine</strong></span> <span class='ocrx_word' id='word_1_188' title='bbox 381 3148 479 3228; x_wconf 76' lang='lat' dir='ltr'><strong>venit,</strong></span> <span class='ocrx_word' id='word_1_189' title='bbox 493 3140 697 3245; x_wconf 86' lang='lat' dir='ltr'><strong>dicimusque</strong></span> <span class='ocrx_word' id='word_1_190' title='bbox 711 3149 808 3214; x_wconf 89' lang='lat' dir='ltr'><strong>etiarn</strong></span> <span class='ocrx_word' id='word_1_191' title='bbox 817 3170 875 3244; x_wconf 85' lang='lat' dir='ltr'><strong>per</strong></span> <span class='ocrx_word' id='word_1_192' title='bbox 883 3147 1092 3243; x_wconf 83' lang='lat' dir='ltr'><strong>partitionem</strong></span> <span class='ocrx_word' id='word_1_193' title='bbox 1107 3167 1184 3242; x_wconf 90' lang='lat' dir='ltr'><strong>pro-</strong></span> 
     </span>
     <span class='ocr_line' id='line_1_29' title="bbox 274 3243 1185 3348; baseline 0.002 -29"><span class='ocrx_word' id='word_1_194' title='bbox 274 3272 416 3348; x_wconf 85' lang='lat' dir='ltr'><strong>ponere:</strong></span> <span class='ocrx_word' id='word_1_195' title='bbox 441 3244 540 3318; x_wconf 84' lang='lat' dir='ltr'><strong>veluti</strong></span> <span class='ocrx_word' id='word_1_196' title='bbox 554 3249 672 3321; x_wconf 88' lang='lat' dir='ltr'><strong>Cicero</strong></span> <span class='ocrx_word' id='word_1_197' title='bbox 693 3252 727 3320; x_wconf 88' lang='lat' dir='ltr'><strong>in</strong></span> <span class='ocrx_word' id='word_1_198' title='bbox 743 3249 925 3322; x_wconf 83' lang='lat' dir='ltr'><strong>Maniliana</strong></span> <span class='ocrx_word' id='word_1_199' title='bbox 940 3243 1036 3331; x_wconf 81' lang='lat' dir='ltr'><strong>fecit,</strong></span> <span class='ocrx_word' id='word_1_200' title='bbox 1062 3273 1134 3346; x_wconf 86' lang='lat' dir='ltr'><strong>cap.</strong></span> <span class='ocrx_word' id='word_1_201' title='bbox 1152 3270 1185 3325; x_wconf 76' lang='lat' dir='ltr'><strong>a.</strong></span> 
     </span>
     <span class='ocr_line' id='line_1_30' title="bbox 276 3346 1188 3452; baseline -0.002 -28"><span class='ocrx_word' id='word_1_202' title='bbox 276 3353 332 3424; x_wconf 84' lang='lat' dir='ltr'><strong>vbi</strong></span> <span class='ocrx_word' id='word_1_203' title='bbox 345 3348 418 3450; x_wconf 76' lang='lat' dir='ltr'><strong>poll</strong></span> <span class='ocrx_word' id='word_1_204' title='bbox 431 3350 564 3422; x_wconf 86' lang='lat' dir='ltr'><strong>breuem</strong></span> <span class='ocrx_word' id='word_1_205' title='bbox 579 3356 807 3438; x_wconf 79' lang='lat' dir='ltr'><strong>narrationem,</strong></span> <span class='ocrx_word' id='word_1_206' title='bbox 821 3379 861 3424; x_wconf 90' lang='lat' dir='ltr'><strong>ex</strong></span> <span class='ocrx_word' id='word_1_207' title='bbox 874 3379 937 3452; x_wconf 89' lang='lat' dir='ltr'><strong>qua</strong></span> <span class='ocrx_word' id='word_1_208' title='bbox 952 3346 1097 3424; x_wconf 78' lang='lat' dir='ltr'><strong>uniuersa</strong></span> <span class='ocrx_word' id='word_1_209' title='bbox 1112 3377 1188 3423; x_wconf 83' lang='lat' dir='ltr'><strong>cau·</strong></span> 
     </span>
     <span class='ocr_line' id='line_1_31' title="bbox 276 3449 1190 3554; baseline -0.005 -25"><span class='ocrx_word' id='word_1_210' title='bbox 276 3449 310 3530; x_wconf 84' lang='lat' dir='ltr'><strong>sa</strong></span> <span class='ocrx_word' id='word_1_211' title='bbox 325 3452 529 3552; x_wconf 79' lang='lat' dir='ltr'><strong>intelligatur,</strong></span> <span class='ocrx_word' id='word_1_212' title='bbox 545 3453 652 3528; x_wconf 85' lang='lat' dir='ltr'><strong>statim</strong></span> <span class='ocrx_word' id='word_1_213' title='bbox 660 3461 954 3554; x_wconf 87' lang='lat' dir='ltr'><strong>partitionevtitut:</strong></span> <span class='ocrx_word' id='word_1_214' title='bbox 970 3460 1113 3547; x_wconf 78' lang='lat' dir='ltr'><strong>primum</strong></span> <span class='ocrx_word' id='word_1_215' title='bbox 1129 3462 1190 3532; x_wconf 82' lang='lat' dir='ltr'><strong>mi.</strong></span> 
     </span>
     <span class='ocr_line' id='line_1_32' title="bbox 276 3561 1187 3658; baseline 0.005 -28"><span class='ocrx_word' id='word_1_216' title='bbox 276 3561 310 3631; x_wconf 80' lang='lat' dir='ltr'><strong>hi</strong></span> <span class='ocrx_word' id='word_1_217' title='bbox 322 3562 698 3658; x_wconf 69' lang='lat' dir='ltr'><strong>uideturdtgenerebclli,</strong></span> <span class='ocrx_word' id='word_1_218' title='bbox 712 3563 1102 3655; x_wconf 75' lang='lat' dir='ltr'><strong>deindedtmognitudim,</strong></span> <span class='ocrx_word' id='word_1_219' title='bbox 1117 3578 1187 3635; x_wconf 82' lang='lat' dir='ltr'><strong>tum</strong></span> 
     </span>
     <span class='ocr_line' id='line_1_33' title="bbox 277 3659 1188 3762; baseline 0.004 -26"><span class='ocrx_word' id='word_1_220' title='bbox 277 3665 316 3736; x_wconf 80' lang='lat' dir='ltr'><strong>dr</strong></span> <span class='ocrx_word' id='word_1_221' title='bbox 324 3669 515 3758; x_wconf 69' lang='lat' dir='ltr'><strong>inperatore</strong></span> <span class='ocrx_word' id='word_1_222' title='bbox 523 3670 689 3762; x_wconf 78' lang='lat' dir='ltr'><strong>deligendo</strong></span> <span class='ocrx_word' id='word_1_223' title='bbox 697 3665 753 3762; x_wconf 75' lang='lat' dir='ltr'><strong>affe</strong></span> <span class='ocrx_word' id='word_1_224' title='bbox 761 3667 932 3738; x_wconf 69' lang='lat' dir='ltr'><strong>ditandum.</strong></span> <span class='ocrx_word' id='word_1_225' title='bbox 961 3669 1004 3738; x_wconf 90' lang='lat' dir='ltr'><strong>Et</strong></span> <span class='ocrx_word' id='word_1_226' title='bbox 1016 3659 1188 3740; x_wconf 88' lang='lat' dir='ltr'><strong>interdum</strong></span> 
     </span>
     <span class='ocr_line' id='line_1_34' title="bbox 277 3764 1190 3869; baseline 0.001 -28"><span class='ocrx_word' id='word_1_227' title='bbox 277 3794 349 3841; x_wconf 91' lang='lat' dir='ltr'><strong>non</strong></span> <span class='ocrx_word' id='word_1_228' title='bbox 363 3765 493 3869; x_wconf 81' lang='lat' dir='ltr'><strong>possunt</strong></span> <span class='ocrx_word' id='word_1_229' title='bbox 506 3770 685 3868; x_wconf 85' lang='lat' dir='ltr'><strong>partitionis</strong></span> <span class='ocrx_word' id='word_1_230' title='bbox 701 3771 848 3842; x_wconf 86' lang='lat' dir='ltr'><strong>membra</strong></span> <span class='ocrx_word' id='word_1_231' title='bbox 865 3766 1046 3845; x_wconf 87' lang='lat' dir='ltr'><strong>commode</strong></span> <span class='ocrx_word' id='word_1_232' title='bbox 1058 3764 1100 3841; x_wconf 85' lang='lat' dir='ltr'><strong>ad</strong></span> <span class='ocrx_word' id='word_1_233' title='bbox 1120 3775 1190 3842; x_wconf 88' lang='lat' dir='ltr'><strong>vni·</strong></span> 
     </span>
     <span class='ocr_line' id='line_1_35' title="bbox 262 3868 1122 3986; baseline -0.01 -33"><span class='ocrx_word' id='word_1_234' title='bbox 262 3869 558 3986; x_wconf 11' lang='lat' dir='ltr'><strong>&#39;taprop&#39;ofitiouis</strong></span> <span class='ocrx_word' id='word_1_235' title='bbox 569 3868 727 3979; x_wconf 80' lang='lat' dir='ltr'><strong>litnplieis</strong></span> <span class='ocrx_word' id='word_1_236' title='bbox 739 3874 839 3950; x_wconf 82' lang='lat' dir='ltr'><strong>ueluti</strong></span> <span class='ocrx_word' id='word_1_237' title='bbox 851 3893 948 3977; x_wconf 85' lang='lat' dir='ltr'><strong>caput</strong></span> <span class='ocrx_word' id='word_1_238' title='bbox 963 3879 1122 3953; x_wconf 87' lang='lat' dir='ltr'><strong>reuocari.</strong></span> 
     </span>
    </p>
   </div>
   <div class='ocr_carea' id='block_1_4' title="bbox 0 0 1387 4434">
    <p class='ocr_par' dir='ltr' id='par_1_4' title="bbox 0 0 1387 4434">
     <span class='ocr_line' id='line_1_36' title="bbox 0 0 1387 4434; baseline 0 0"><span class='ocrx_word' id='word_1_239' title='bbox 0 0 1387 4434; x_wconf 95' lang='lat' dir='ltr'><strong> </strong></span> 
     </span>
    </p>
   </div>
  </div>
 </body>
</html>
