2709 4434
206 426 211 439 .
273 368 322 439 60
444 415 448 422 -
507 358 591 465 pap.
614 363 682 438 IXt
727 364 965 440 Dausaron.

271 545 370 650 egiffe
383 546 541 623 dicautur.
602 552 681 625 Hoc
695 574 797 651 genus
811 554 909 625 habet
922 573 1084 651 magnam
1098 558 1181 639 vim,

204 686 207 693 ·
270 660 415 755 primum
431 660 465 726 in
481 660 567 729 hauc
584 679 721 754 partem,
744 674 779 727 vt
795 654 947 730 credibile
964 655 1015 742 stt,
1035 654 1131 758 quod
1146 663 1181 731 iis

270 761 494 850 attribuimus,
522 756 650 844 deiude,
669 754 1024 835 vtsuauiorfit'oraiio.
1079 764 1183 849 Nam,

272 882 307 936 vt
337 867 461 963 pielura
492 869 635 937 maxime
668 861 824 950 deletlat,
856 882 938 965 quae
962 867 1182 964 archetypum
1210 896 1212 945 t

271 995 371 1067 quam
384 973 529 1041 maxime
544 963 652 1051 refert,
660 974 759 1040 etiam
774 973 809 1041 in
824 970 918 1040 rebus
934 995 1003 1041 non
1017 968 1182 1068 pulchris:

226 1116 228 1121 ·
270 1069 317 1145 fic
336 1077 441 1143 oratio
462 1071 634 1145 mirificam
649 1068 840 1146 suauitatem
852 1074 966 1157 habet,
990 1090 1022 1144 et
1038 1064 1181 1147 sensibus

270 1195 304 1247 et
327 1176 430 1246 verbis
455 1182 653 1249 conueniens
675 1174 828 1278 cuiusque
849 1181 978 1257 aetatis,
1012 1169 1181 1263 fortuitae,

269 1280 407 1366 habitus,
429 1276 624 1381 affec‘iusque
642 1301 783 1371 naturae,
804 1303 837 1355 et
853 1282 1009 1354 moribus.
1070 1287 1180 1382 Atque

268 1385 349 1457 haec
364 1390 512 1457 maxime
528 1383 662 1484 quidem
675 1379 722 1457 est
736 1384 800 1472 illa,
813 1412 910 1487 quam
930 1399 1090 1459 moratam
1107 1413 1179 1459 ota·

269 1493 385 1560 tionum
404 1510 541 1577 vorant3
575 1484 630 1564 sed
654 1509 764 1563 tamen
781 1487 828 1564 eli
851 1492 948 1561 etiam
967 1491 1071 1575 haec,
1099 1514 1179 1562 cum

267 1587 444 1691 personae,
484 1620 562 1695 quas
582 1592 783 1680 inducimus,
822 1593 998 1695 loquuntur
1011 1613 1055 1665 et
1073 1612 1180 1694 agunt

267 1703 501 1773 conuenienter
519 1692 580 1768 suis
595 1698 750 1771 moribus.
1028 1776 1031 1781 ,
1158 1691 1167 1707 '

323 1807 407 1875 116.
433 1804 518 1870 Eam
531 1796 716 1870 facultatem
739 1794 910 1898 quomodo
927 1790 1015 1869 cous
1049 1820 1178 1888 uamut,

266 1898 402 1996 intelligi
425 1899 528 1997 potest
548 1927 588 1972 ex
611 1906 665 1986 iis,
688 1928 769 1999 quae
791 1898 832 1973 de
853 1907 1023 2001 exprimen
1048 1905 1076 1971 is
1099 1894 1202 1973 affe-²

266 2004 372 2075 ilibus
396 2009 630 2102 praecepimus.
684 2008 773 2079 Nam
792 2001 883 2105 quod
904 2001 944 2078 de
965 2029 1037 2075 vno
1080 2028 1175 2079 eneae

266 2103 430 2192 diximus,
456 2133 635 2202 commune
649 2108 695 2180 est
710 2110 873 2189 erunibus.
927 2030 1086 2182 varnerii
1108 2112 1172 2211 qui.-

266 2209 344 2282 dem
361 2237 469 2285 mores
483 2209 635 2312 cuiusque
650 2221 793 2311 generis,
823 2234 857 2284 vt
877 2233 950 2284 ante
969 2206 1175 2299 tradidimus,

265 2310 438 2413 diligenter
456 2316 593 2416 collegit
611 2316 814 2390 Aristoteles:
855 2312 1048 2390 vitiosorum
1065 2320 1174 2391 etiaim

262 2419 533 2519 Theophrastus,
557 2417 611 2494 sed
632 2421 696 2497 alio
718 2418 832 2495 modo.
884 2425 1010 2520 Optimi
1027 2419 1173 2519 magistri

263 2544 365 2598 erunt
378 2546 518 2611 veteres,
544 2525 678 2626 quidam
702 2530 801 2599 etiam
824 2530 1016 2601 recentiores
1041 2527 1174 2617 Poetae,

263 2649 296 2701 et
318 2634 490 2716 Oratores,
512 2637 565 2730 qui
590 2656 690 2702 omne
716 2656 818 2730 genus
837 2656 969 2702 morum
989 2623 1174 2701 feliciffime

263 2728 502 2833 exprefferunt,
527 2754 567 2830 et·
578 2729 758 2819 sententiis,
791 2751 822 2807 et
844 2735 956 2805 verbis.
1007 2728 1073 2804 Sed
1095 2758 1172 2833 pto·

262 2834 360 2910 fuerit
380 2856 489 2909 tamen
509 2858 541 2908 ct
561 2832 666 2934 ipsum
689 2833 945 2911 animaduertere
959 2840 994 2909 in
1010 2840 1077 2908 vita
1090 2850 1196 2937 quo-¹

191 2982 194 2988 ·
263 2936 396 3025 tidiarta,
417 2938 495 3042 quid
515 2946 686 3038 proprium
699 2937 738 3011 fit
752 2947 880 3039 generis
897 2946 1068 3040 cuiusque,
1088 2966 1172 3040 quae

262 3062 295 3115 et
309 3044 480 3143 quomodo
495 3045 596 3145 loqui,
616 3048 768 3144 cuiusque
782 3051 911 3131 aetatis,
932 3040 1041 3128 sexus,
1066 3049 1173 3117 natio·

262 3153 330 3231 nis,
350 3143 498 3222 fortunae
512 3177 549 3221 ac
564 3148 641 3236 loci,
667 3145 774 3233 studii,
797 3168 924 3233 motus,
948 3152 1072 3220 virtutis
1088 3152 1173 3230 vitii·

263 3277 325 3353 que
339 3276 440 3347 genus
456 3249 575 3339 soleat,
600 3251 679 3357 quid
696 3272 824 3354 petere,
846 3250 925 3352 quid
942 3250 1066 3350 fugere.
1175 3266 1183 3281 ’

320 3378 402 3442 117.
438 3354 513 3429 Sed
531 3385 607 3429 cum
642 3363 683 3430 ita
717 3362 931 3459 exprimimus
960 3351 1172 3458 personarum

262 3484 389 3536 mores:
412 3483 467 3530 aut
491 3486 610 3557 genera
625 3458 769 3535 vniuersa
783 3464 975 3546 tradamus,
995 3460 1171 3539 velutaua·

260 3589 395 3650 rorum,
411 3558 603 3657 'antemium
624 3586 683 3642 etc.
717 3587 771 3641 aut
790 3566 929 3669 aliquam
951 3585 1077 3664 partem
1096 3589 1169 3636 mo·

260 3694 340 3743 rum·
358 3671 434 3741 certi
458 3673 613 3761 hominis.
664 3671 719 3744 Est
740 3697 817 3744 vero
838 3675 956 3755 etiam,
990 3695 1066 3741 curn
1090 3674 1170 3741 certi

259 3777 405 3851 hominis
429 3799 537 3845 mores
559 3772 699 3848 uniuerfi
720 3780 966 3879 exprimuntur3
988 3772 1078 3874 quod
1099 3768 1168 3849 fere

257 3881 434 3978 proprium
450 3875 496 3950 est
510 3876 762 3955 Hissoricorum.
815 3880 917 3986 quue
933 3878 972 3953 fit
986 3882 1051 3953 hoc
1063 3874 1169 3951 'conii-

1076 3996 1081 4009 ‘
1109 3980 1178 4062 lto,

307 4168 368 4196 A
