2709 4434
265 366 337 443 130
460 340 542 437 Cape
561 344 615 415 lt.
667 274 724 415 dh
745 342 970 417 Orationibus.
1009 306 1020 333 Ι

269 552 272 558 ’
318 539 403 607 261.
430 514 641 603 Cumauam
658 516 776 601 omnes
797 530 928 602 alicuius
942 525 1053 600 iaudes
1069 522 1171 625 perse·

267 640 324 737 qui
340 640 467 708 animus
487 632 549 720 eii,
572 632 700 706 duobus
716 631 885 706 modisuti
901 634 983 705 iic'et.
1037 637 1128 705 Nam
1139 652 1175 703 et

262 767 326 840 ptr
341 754 461 838 genera
477 758 508 811 et
517 756 580 832 'per
595 758 737 833 temporo
752 736 879 810 laudare
893 737 994 809 licet.-
1032 737 1101 807 Vbi
1116 761 1175 835 per

269 860 388 944 genera
403 840 589 923 laudamust
614 838 728 915 eadem
751 847 830 914 ratio
854 840 899 911 est
921 837 1080 912 tractandi
1095 853 1177 912 'eum

200 1012 205 1031 ,
270 972 320 1025 ea,
331 973 430 1047 quam
444 945 548 1019 modo
563 942 806 1045 descripsimus:
822 944 881 1018 uisi
894 939 985 1046 quod
999 948 1053 1016 hic
1065 949 1101 1016 in
1115 940 1178 1016 sm·

271 1049 355 1151 gulis
374 1053 545 1148 generibus
564 1071 596 1123 et
618 1053 773 1149 capitibus
797 1049 852 1132 fit,
877 1046 1026 1149 quodibi
1042 1054 1078 1121 iu
1096 1073 1176 1123 viro.

272 1161 362 1229 Cum
374 1170 482 1225 autem
496 1180 552 1254 per
564 1165 711 1255 tempora
725 1150 951 1253 procedimus3
982 1172 1088 1252 partes
1106 1146 1178 1225 suut

165 1274 167 1278 '
272 1283 341 1343 eae,
361 1283 438 1357 quas
453 1253 544 1358 supra
566 1259 599 1355 §.
614 1267 673 1333 60.
694 1249 932 1358 proposuimus,
957 1282 1100 1357 quarum
1115 1257 1176 1328 lau·

273 1357 455 1434 dandarum
469 1381 671 1461 argumenta,
684 1376 718 1435 e't
730 1358 871 1433 modum
884 1357 1006 1432 ibidem
1020 1358 1177 1434 indicaui·

206 1509 208 1515 ·
264 1464 366 1551 ,mum
391 1480 491 1566 eaque
510 1471 636 1539 ratione
654 1460 725 1540 vsus
739 1463 784 1539 est
798 1469 832 1537 iu
846 1470 997 1564 Euagora
1014 1459 1178 1553 isocrates,

272 1573 366 1642 initio
378 1592 397 1643 a
410 1568 528 1669 genere
543 1566 643 1644 fado.
695 1566 759 1643 Sed
773 1572 808 1639 in
822 1573 887 1645 hor
901 1566 1038 1667 genere,
1065 1571 1124 1643 vbi
1139 1565 1178 1643 ad

272 1677 414 1763 honores
427 1691 458 1747 et
471 1700 519 1746 res
536 1673 660 1774 gestas,
685 1701 703 1745 e
718 1675 832 1776 quibus
845 1678 974 1745 virtutes
989 1673 1178 1773 intelligun-

274 1768 337 1861 tur,
359 1782 394 1853 in
410 1780 525 1877 quibus
538 1797 634 1874 caput
649 1774 825 1861 laudisest,
840 1773 1090 1866 deueueri'm'us3
1108 1798 1177 1878 apte

273 1878 509 1980 'pmdenterque
535 1878 735 1979 deligemus,
769 1905 849 1978 quae
869 1883 977 1953 omasi
998 1877 1176 1958 commode

273 1977 413 2083 'possiutr
437 1979 555 2055 deiude
573 1980 712 2082 singulas
734 1978 776 2055 ad
790 1981 924 2059 laudem
939 1986 1173 2068 reuocabimus

276 2105 308 2159 et
323 2082 417 2162 iissre
431 2088 693 2173 immorabimur,
718 2106 753 2159 vt
769 2080 929 2164 sententiis
943 2093 1056 2175 acutis,
1072 2110 1109 2162 et
1123 2101 1171 2165 uit·

275 2193 344 2275 vis,
368 2209 401 2266 et
422 2184 596 2288 spiendidis
618 2189 828 2278 immensus-3
855 2197 945 2270 cuius
967 2198 1019 2265 rei-
1037 2189 1177 2269 modum

275 2308 346 2376 tuus
359 2319 400 2372 tx
414 2292 484 2380 ilio,
506 2320 605 2395 quem
621 2296 777 2381 diximus,
791 2291 939 2381 Isocrate,
952 2316 1023 2367 tum
1039 2323 1057 2367 e
1073 2297 1178 2399 Plinio

275 2394 454 2496 intelligere
469 2397 554 2478 licet.
592 2405 631 2473 ln
645 2418 712 2476 tote
725 2418 834 2476 autem
848 2402 910 2477 hac
924 2404 1049 2472 ratione
1066 2401 1178 2475 viden·

275 2499 356 2573 dum
368 2500 425 2587 eii,
447 2530 487 2577 ne
504 2501 581 2605 quid
595 2501 697 2580 laudis
713 2505 902 2591 tribuamus,
934 2501 1016 2581 sine
1030 2530 1178 2579 comme·

274 2611 456 2681 moratione
476 2630 600 2692 retum,
626 2634 685 2708 per
702 2634 780 2709 quas
801 2606 889 2682 laudi
910 2607 1002 2684 fides·
1016 2608 1094 2699 flat3
1116 2628 1180 2689 ,nee

275 2708 427 2787 imitandi
446 2704 518 2785 suut
536 2717 648 2788 uouitii
674 2708 853 2787 laudatores
875 2714 1018 2785 Frauciei
1049 2736 1179 2789 eormus

275 2840 338 2914 que
352 2814 486 2898 aemuli,
507 2823 562 2914 qui
581 2830 709 2888 tauttun
724 2818 866 2887 tribuunt
883 2821 930 2902 iis,
954 2843 1037 2916 quos
1049 2815 1181 2892 laudare

181 2916 186 2923 ’
269 2915 386 3004 selim,
408 2923 537 2993 virtutes
551 2926 670 3019 ingenii
681 2929 717 2993 'et
730 2922 832 2993 animi
845 2918 1058 3005 admimbiies,
1078 2920 1182 2996 nuliis

275 3017 479 3099 documentis
507 3018 792 3100 commemoratis:
845 3048 911 3122 quo
943 3023 1024 3097 nihil
1043 3025 1180 3099 *stultiut

275 3123 471 3223 fieti'p‘oteii,
522 3132 602 3206 Satis
624 3126 664 3206 de
685 3122 881 3203 laudatione.
1015 3206 1018 3210 ,
1172 3126 1178 3135 ’

302 3285 305 3297 .
329 3234 414 3330 563.Ι
434 3229 540 3305 Altera
562 3229 671 3307 forma
692 3230 737 3305 est
756 3257 888 3314 earum,
915 3252 996 3328 quae
1008 3231 1181 3327 ingratiis

275 3326 412 3427 igendis
425 3331 594 3410 versantur.
627 3339 791 3430 iameum
804 3335 897 3411 nulio
912 3329 1017 3404 modo
1032 3328 1183 3405 accidere

275 3428 380 3541 potiit,
404 3450 438 3511 'vt
461 3446 606 3520 oratioue
624 3436 751 3517 solenni
762 3444 878 3539 gratias
893 3462 989 3535 agere
1028 3444 1077 3509 uis
1093 3434 1182 3511 iusti·

275 3555 342 3610 tuat
355 3566 415 3641 pro
429 3569 481 3628 re,
502 3568 583 3641 quae
597 3564 629 3616 et
642 3539 714 3628 sua,
734 3564 769 3621 et
790 3545 930 3617 audoris
942 3462 1053 3626 cauda,
1075 3544 1120 3612 ita
1134 3536 1181 3612 tei

274 3645 344 3713 riuis
368 3642 407 3717 stt
430 3671 468 3716 ao
492 3645 587 3730 leuis,
606 3668 647 3719 'vt
672 3645 826 3727 idoneam
841 3643 984 3719 ‘dicendi
1009 3650 1182 3717 materiam

273 3738 474 3855 suppeditare
498 3765 571 3835 nott
591 3748 709 3861 poffit3
745 3747 997 3829 irs-hictum·
1010 3752 1184 3924 uuoqffit
