2709 4434
197 350 245 419 24

272 496 1032 541 m

550 702 660 773 CAP.
692 701 763 811 tlt·

356 872 422 946 Da
475 865 578 940 Loco
624 866 958 965 Magnitudiue't.

590 1096 599 1117 ,
634 1058 695 1108 2ῐ.

203 1158 364 1330 Primus
385 1155 476 1229 locus
497 1163 588 1231 omni
610 1160 721 1256 generi
743 1151 908 1228 caularum
926 1161 1114 1231 communis

286 1256 332 1330 est
347 1258 590 1359 magnitudinis,
617 1269 670 1362 qui
687 1267 831 1333 maxime
845 1266 878 1331 in
896 1254 1037 1331 dicendo
1052 1257 1114 1333 do·

205 1361 356 1434 minatur.
408 1368 497 1437 Nam
521 1371 568 1437 vis
590 1372 736 1439 maxima
756 1366 910 1437 orationis
924 1369 1063 1437 cernitur
1076 1370 1124 1439 in'

205 1464 369 1562 augend0,
385 1471 517 1543 audiere
532 1470 745 1572 Qintiliano;
765 1471 856 1552 vlu,
872 1493 904 1554 3.
956 1470 1114 1566 Augami

205 1590 316 1643 autem
335 1576 383 1644 vis
404 1572 536 1645 nonest
555 1579 590 1645 in
610 1601 668 1659 eo,
690 1593 725 1644 vt
742 1597 813 1643 rem
827 1576 988 1643 maiorem
1002 1567 1113 1644 dicen·

206 1669 252 1743 do
275 1674 473 1761 efficiamus,
504 1700 602 1775 quam
624 1679 739 1763 veritae
758 1679 911 1771 patiatur:
939 1670 1111 1773 impedire·

204 1794 257 1862 tur
278 1782 366 1847 enim
388 1774 469 1849 lides
491 1796 523 1847 et
542 1771 720 1876 perfundo,
742 1797 822 1875 quae
837 1774 982 1849 adiuuari
998 1773 1113 1851 debet:

150 1925 158 1951 t
204 1872 257 1949 sed
283 1882 316 1950 in
339 1875 564 1978 magnitudine
586 1886 630 1952 ita
649 1878 841 1978 explicanda
864 1899 896 1952 et
918 1876 1114 1970 illustranda,

207 1998 242 2065 vt
254 1979 437 2084 planissime
458 1983 593 2083 intelligi
607 1979 778 2087 sentirique
793 1982 899 2086 poffit

261 2141 319 2189 aa.
333 2110 573 2218 Magnitudinis
586 2139 695 2193 autem
719 2112 986 2195 demonstrandae
1001 2117 1113 2217 plures

205 2214 278 2292 sunt
290 2221 369 2295 loci.
422 2226 555 2298 Primus
571 2223 615 2297 ell
632 2225 804 2317 caularum.
858 2228 956 2311 Nam,
969 2239 1004 2291 vt
1015 2246 1112 2321 quae-

207 2349 271 2421 que
290 2348 348 2399 rea·
360 2331 499 2401 maiores
517 2334 600 2403 vires
614 2329 665 2402 vel
678 2334 821 2429 ingenii,
845 2328 899 2402 vel
912 2328 1032 2408 animi,
1057 2324 1111 2396 vel

206 2424 354 2503 fortunae
371 2427 544 2522 defiderat3
578 2459 710 2536 quoque
723 2434 794 2533 plus
807 2437 899 2518 artis,
919 2425 1032 2512 studii,
1056 2453 1112 2498 ω·

206 2558 271 2621 rae,
287 2531 471 2624 industriae,
489 2536 669 2639 laborisque
686 2543 720 2608 in
733 2535 905 2609 efficiendo
922 2534 1035 2619 habet3
1057 2528 1114 2603 de·¹

207 2640 323 2741 nique,
353 2666 419 2742 quo
447 2645 627 2714 maioribus
653 2670 691 2713 ae
710 2640 852 2738 pluribus
876 2666 951 2711 cum
974 2633 1112 2709 difficul-

208 2742 342 2831 tatibus,
363 2763 396 2816 et
418 2741 677 2847 impedimentis,
702 2744 754 2815 vel
775 2749 924 2829 internis,
944 2740 995 2812 vel
1010 2758 1112 2813 exter·

207 2846 275 2929 nie,
296 2850 330 2917 in
355 2845 529 2921 efficiendo
555 2845 812 2923 conflidlandum
836 2845 898 2920 ell:
930 2870 972 2917 eo
996 2847 1113 2929 maius,

207 2943 297 3051 quod
316 2948 472 3039 efficitur,
496 2952 605 3026 haberi
625 2946 712 3023 solet

261 3106 320 3168 23.
350 3088 455 3185 Atque
471 3089 569 3159 etiam
594 3080 733 3184 ipsarum
754 3079 921 3158 causarum
942 3077 988 3152 ell
1008 3074 1113 3181 quod·

146 3203 151 3214 ’
208 3181 286 3259 dam
302 3182 490 3275 discrimen,
514 3190 565 3267 vel
590 3187 745 3265 adiuuans
757 3184 1037 3287 magnitudinem,
1057 3182 1113 3257 vel

206 3295 367 3363 minuens.
405 3294 493 3364 Nam
508 3301 645 3366 maiores
661 3288 772 3368 causae
789 3290 861 3367 sunt
875 3317 949 3375 eae,
973 3313 1056 3391 quae
1070 3289 1113 3363 ab

207 3397 341 3493 iugenio
361 3399 537 3495 'animoque
558 3394 738 3485 ducuntur,
761 3423 860 3497 quam
882 3420 964 3495 quae
983 3398 1017 3464 in
1041 3416 1113 3463 cor·

207 3522 287 3597 pure
307 3494 413 3573 insunt
443 3519 497 3571 aut
525 3497 679 3584 fortuna,
717 3506 917 3601 maioresque
943 3494 1114 3571 difficulta-

181 3622 184 3635 '
207 3618 254 3675 tes
264 3608 436 3701 ¹putantur,
461 3629 541 3703 quae
566 3606 606 3675 ab
624 3609 736 3677 animo
758 3624 852 3703 atque
874 3620 1019 3677 enatura
1032 3600 1114 3671 obii·

216 3708 352 3795 .÷=-ntur‚
377 3732 477 3811 quam
499 3734 581 3811 quae
603 3736 623 3783 a
644 3710 739 3783 rebus
757 3712 906 3784 externis.
951 3702 1114 3885 qllfqieqim

976 3836 986 3880 l
1024 3835 1050 3877 Cl
1067 3832 1114 3879 tut
