2709 4434
193 412 202 423 ,
279 348 327 424 48

287 514 1183 563 m

317 734 321 743 ¹
605 637 719 707 cau.
745 584 858 706 vui.

504 848 507 857 ,
547 764 630 865 De¹
660 763 916 863 Assertillus.

195 974 198 980 .
358 894 361 900 ’
701 910 762 989 89·
989 944 993 949 ·
1208 820 1212 978 l

279 996 461 1128 Affrlitrs'
474 1035 582 1104 omnia
607 1030 654 1106 est
677 1038 901 1109 vehementior
925 1022 1030 1103 seusus
1052 1027 1184 1102 alicuius

278 1134 334 1208 vel
359 1134 531 1234 voluptatis
561 1136 613 1209 vel
642 1133 781 1217 doloris:
824 1143 953 1236 eiusque
980 1152 1083 1230 partes
1109 1155 1184 1234 qua-¹

277 1257 373 1321 tuor,
405 1235 488 1310 duae
511 1265 530 1311 e
551 1240 735 1341 uoluptate,
762 1242 858 1316 amor
875 1260 907 1312 et
931 1239 1071 1323 laetitia3
1099 1235 1183 1310 duae

276 1344 358 1412 item
378 1367 397 1412 e
419 1341 554 1428 dolore,
589 1344 706 1420 odium
725 1367 758 1420 et
778 1344 910 1420 tristitia,
972 1339 1181 1438 singularum

233 1493 240 1502 -
275 1469 389 1545 porro,
404 1444 483 1518 aliae
512 1443 585 1521 sunt
611 1472 737 1551 partes,
788 1476 869 1552 quae
897 1462 1126 1520 enumerantur
1147 1449 1183 1515 iu

273 1545 497 1648 philosophiae
523 1552 703 1628 elementis.
770 1553 836 1627 sed
861 1549 926 1624 illis
947 1550 1102 1622 otuuibua
1129 1551 1183 1622 hie

273 1677 345 1733 oon
364 1660 496 1728 vtimur.
873 1730 876 1735 ,

327 1780 389 1846 90.
415 1761 546 1834 Etenim
570 1758 732 1829 Rhetores
751 1755 812 1827 alia
838 1750 906 1826 sete
924 1749 1014 1827 causa
1039 1751 1081 1826 de
1106 1751 1182 1829 affe-

275 1858 381 1930 {libus
393 1878 515 1956 agunt,
560 1884 635 1931 uam
655 1855 861 1958 Philosophi,
889 1878 983 1959 atque
997 1863 1097 1931 etiam
1118 1859 1182 1935 alio

195 1961 199 1967 ’
273 1957 392 2035 modo.
451 1885 640 2063 Philolophi
654 1961 797 2064 ¹quidem
819 1969 984 2062 primum,
1014 1981 1049 2032 vt
1066 1986 1181 2037 natura

274 2069 375 2139 animi
391 2064 594 2164 intelligatur,
616 2063 747 2154 deinde,
770 2066 879 2168 quoad
896 2072 964 2141 viru
978 2065 1112 2153 habent,
1132 2066 1179 2141 vel

273 2167 316 2242 ad
331 2173 503 2255 virtutem,
535 2170 586 2247 vel
609 2167 651 2244 ad
671 2176 807 2244 vitium:
836 2175 961 2244 Rhetor
980 2188 1090 2243 autem
1115 2191 1182 2247 tan·

272 2293 365 2358 tum,
402 2269 511 2374 quoad
533 2266 639 2348 valent
661 2273 703 2349 ad
723 2272 899 2349 mutandos
919 2279 1095 2355 hominum
1114 2279 1179 2349 aui·

272 2404 365 2463 utos,
395 2383 482 2451 etin
504 2377 678 2454 iudicando
699 2380 851 2468 flestuut,
879 2401 912 2453 et
932 2374 1040 2480 quoad
1063 2383 1104 2451 iis
1122 2382 1178 2453 vti·

272 2477 695 2581 murad'persuadeudum‚
718 2483 835 2590 quiesi
854 2481 1102 2574 oratorislliuia,
1136 2476 1178 2557 atl
1198 2492 1212 2511 ’“

272 2614 371 2688 quem
401 2582 485 2658 adeo
511 2591 592 2662 haec
616 2595 802 2690 praeceptio
827 2608 894 2663 tota
920 2584 966 2659 est
981 2582 1175 2687 ‘dirigende

270 2695 384 2790 ltaque
406 2717 467 2764 nec
494 2689 536 2765 de
557 2697 710 2766 omuibus
727 2691 903 2767 asselluum
933 2691 1074 2790 partibus
1095 2696 1176 2791 agit,

270 2791 326 2866 sed
345 2815 471 2868 tanturn
491 2793 533 2868 de
554 2801 622 2882 hia,
658 2821 740 2897 quae
760 2792 996 2897 persuasionem
1019 2789 1174 2869 adiuuare

269 2895 409 2998 poliunt.
472 2895 656 3001 Philosophi
679 2926 780 3000 porro
801 2906 948 2976 maxime·
972 2895 1177 2972 considerant

269 2998 377 3073 causas
391 2999 587 3093 affeeluum,
617 3024 650 3077 et
667 3002 802 3106 quidem
823 2998 985 3079 vniuetse:
1014 3004 1175 3077 Rhetorea

269 3125 380 3178 autem
402 3110 436 3177 in
459 3114 514 3194 iis,
545 3110 658 3212 quibus
679 3129 829 3202 vtuntur,
860 3115 919 3183 tria
939 3105 1008 3180 fere
1027 3103 1174 3181 consides

268 3229 359 3295 rant,
389 3214 531 3306 causeam,
563 3220 619 3310 qui
638 3209 757 3290 affeeiu
776 3226 908 3317 quoque
937 3236 1172 3287 commouean-

268 3333 339 3400 tur,
376 3310 515 3415 deuique
535 3323 570 3388 ira
592 3347 671 3418 quos
692 3341 980 3401 commoueantur,
1013 3335 1110 3416 atque
1129 3341 1171 3389 ex
1189 3300 1198 3330 ‘

265 3422 316 3490 his
337 3441 528 3515 argumenta
547 3418 681 3499 ducunt.
740 3422 804 3498 Sed
826 3429 905 3496 haec
928 3421 1081 3521 pleraque
1101 3444 1172 3493 nou

265 3547 285 3592 e
299 3518 572 3619 Philosophorum
585 3526 692 3613 libris,
713 3524 768 3600 sed
784 3556 824 3601 ex
839 3522 894 3600 vsu
910 3531 992 3598 vitae
1007 3526 1171 3596 humanae

263 3645 466 3724 repetuntur,
494 3628 701 3730 conllantque
721 3637 864 3705 maxime
883 3626 1171 3711 obseruationibus,

264 3755 343 3830 quas
363 3728 617 3833 optime-secere
643 3738 823 3824 Rhetorer,
862 3741 1073 3908 inpriutisqpe
1097 3733 1170 3908 Alai·

1056 3855 1110 3911 ote
1122 3859 1169 3921 es,

296 4138 358 4168 A
