2709 4434
264 355 311 446 56
483 344 565 444 cap.
585 349 652 423 IX.
701 346 756 423 De
775 349 945 436 Moribus.

173 612 175 617 ,
278 623 280 627 ¹
320 558 405 626 107.
421 536 579 611 Oratoris
597 556 699 609 moret
718 529 793 607 sunt
816 536 975 638 inprimis,
988 527 1173 632 prudentia,

261 640 417 740 probiter,
434 637 604 725 modestia,
617 636 853 715 beneuolentia.
905 636 994 713 Nam
1016 641 1051 711 hi
1068 643 1176 709 maxi.

263 769 318 823 me
342 747 490 817 inomni
512 769 632 843 genere
645 736 812 816 causarum
828 738 982 817 adiuuant
993 735 1173 840 persuasio·

261 873 351 923 nem.
373 850 505 921 Etenim
517 869 678 946 maguum
692 841 987 923 momentum'facit
999 841 1040 919 ad
1057 844 1173 933 fidem,

262 956 429 1052 primum,
449 951 475 1025 st
493 939 563 1052 {puis
583 950 761 1050 intelligere
783 979 821 1024 ac
834 945 942 1027 videre
953 946 1096 1025 multum
1110 977 1174 1050 pu-

262 1077 360 1140 tatur,
382 1073 416 1128 vt
430 1055 529 1157 poffit
541 1050 659 1131 docere
674 1054 771 1142 alios,
793 1050 886 1156 quod
898 1053 945 1131 e‘st
963 1048 1175 1154 prudentiae:

263 1156 382 1239 deinde
398 1157 423 1232 st
440 1158 527 1237 nulla
540 1158 586 1234 est
599 1155 811 1236 ineofraudu
819 1161 1014 1260 iniuriaeque
1022 1152 1173 1256 suspicio,

229 1256 318 1341 ‚sed
343 1288 464 1367 magna
498 1269 618 1341 amoris
652 1266 689 1337 in'
720 1261 956 1365 rempublicam
982 1266 1174 1363 virtutisque

260 1371 388 1466 opinio,
402 1363 545 1469 quodeii
553 1369 740 1472 probitatis:
761 1356 1174 1472 sideniqueverumdoca·

259 1497 307 1556 re,
322 1473 409 1545 reeta
425 1492 457 1546 et
474 1474 564 1549 utilia
576 1470 710 1551 suadere
724 1470 817 1560 veile,
832 1499 870 1546 ac
886 1465 1033 1575 prodesse
1041 1471 1174 1569 publice

190 1588 191 1592 ’
258 1578 477 1679 priuatimque
492 1576 629 1662 videtur,
648 1575 738 1681 quod
754 1576 997 1653 beneuolentiae
1011 1575 1174 1647 tribuitur.

166 1680 168 1685 ’
317 1691 398 1766 108·
423 1687 530 1786 Atque
553 1701 587 1756 vt
602 1686 748 1758 maxime
761 1679 903 1780 optabile
916 1673 980 1764 est,
1002 1676 1172 1752 dicentem

259 1800 314 1853 aut
335 1787 421 1858 hanc
441 1791 634 1882 opinionem
645 1779 765 1859 secum
786 1779 829 1856 ad
843 1778 1017 1867 dicendum
1034 1777 1171 1854 afferre:

259 1881 390 1958 facilior
408 1891 497 1969 enim
520 1884 624 1960 aditus
643 1883 688 1960 ad
709 1908 802 1965 aures
819 1890 1008 1987 animosque
1022 1882 1172 1984 dabiturt
1191 1968 1194 1972 ,

182 1989 184 1993 ’
259 2005 315 2060 aut
336 1983 446 2065 saltem
470 1997 613 2091 integros
633 1992 674 2062 ab
695 1995 855 2063 contraria
885 1987 926 2061 de
954 1986 986 2062 se
1009 1994 1172 2087 opinione

259 2096 386 2164 animos
402 2090 602 2168 audientium
617 2090 803 2167 offendere:
827 2091 873 2167 stc
884 2119 1003 2194 magna
1020 2120 1095 2164 cura
1111 2091 1173 2182 est,

258 2192 389 2282 videre,
416 2191 451 2273 itt
484 2204 630 2272 oratione
652 2193 718 2297 ipsa
738 2203 821 2271 hanc
841 2203 1032 2299 opinionem
1054 2200 1171 2296 impri-

257 2325 349 2387 mar,
372 2318 404 2376 et
424 2321 584 2403 quantum
599 2300 716 2406 petiis,
744 2306 867 2377 virtutis
884 2297 983 2400 {ignia
1019 2296 1170 2385 rosetum

259 2400 318 2491 dis,
329 2429 457 2502 augeas.
487 2404 550 2481 Sed
564 2406 657 2494 nihii,
673 2425 708 2480 vt
722 2412 853 2506 opinor,
865 2405 937 2506 plus
953 2327 1050 2491 odet,
1065 2431 1170 2505 quam

257 2506 426 2594 modestia,
448 2505 566 2608 pudor,
590 2512 716 2598 lenitas,
737 2530 768 2585 et
782 2515 929 2596 comitae,
942 2507 1170 2613 quaeiniudi·

256 2611 362 2684 cando
377 2610 417 2688 de
433 2615 716 2699 rebus-omnibus,
738 2619 771 2691 in
784 2610 985 2699 refellendo,
1007 2617 1106 2684 etiam
1131 2619 1169 2689 in

254 2714 431 2802 hortanda
446 2717 628 2803 monendo
642 2715 847 2802 suadendme
862 2718 976 2804 verbis,
992 2717 1167 2800 vocami-

253 2836 289 2890 tu
311 2817 450 2922 denique
472 2815 542 2919 ipso
564 2840 750 2920 appareant.
806 2825 931 2899 Omnes
945 2825 1033 2893 enim
1046 2821 1167 2919 proba-

253 2949 328 2998 mus
348 2945 423 3009 eos‚
456 2922 692 3025 prudentesque
715 2946 748 2997 et
768 2925 874 2998 bonos
892 2931 979 2998 uiros
999 2943 1166 3024 putamus,

254 3028 418 3126 inquibus
433 3025 595 3126 pudorem
610 3049 642 3101 et
657 3026 853 3104 modestiam
861 3024 1166 3117 animaduertimus,

253 3136 463 3230 capimurque
495 3132 633 3206 mirifice
665 3138 817 3213 comitate
847 3155 880 3207 et
909 3129 1165 3227 lenitatepfiue,

252 3231 344 3335 quod
360 3234 402 3307 ab
415 3239 463 3307 hir
479 3262 539 3311 nos
555 3243 657 3325 amari
670 3257 842 3338 putamus,
868 3242 923 3339 qui
933 3287 937 3294 -
947 3241 985 3309 iis
1006 3262 1165 3335 erganoa

252 3357 404 3422 utuntur,
422 3335 508 3425 saue,
534 3337 623 3441 quod
637 3363 750 3419 natura
768 3338 833 3441 ipsa
846 3367 907 3417 noa
921 3347 964 3413 ita
981 3340 1093 3426 fiuxit,
1126 3361 1164 3414 vt

252 3436 358 3540 ipsum
382 3439 460 3515 illud
475 3450 566 3529 mite,
588 3466 620 3522 et
635 3442 814 3550 placidum,
834 3454 867 3517 er
879 3440 1048 3530 blandum,
1070 3471 1163 3518 aures

253 3550 446 3646 animosque
468 3544 614 3628 delectet.
691 3555 801 3650 Itaque
834 3547 914 3622 abfit
943 3550 985 3623 ab
1013 3552 1163 3622 oratione

251 3650 360 3722 omnia
383 3648 593 3751 prudentiae,
618 3651 804 3737 dodirinae‚
829 3658 952 3726 virtutis
975 3652 1169 3743 ostentati0,·

251 3759 396 3861 itemque
411 3754 462 3833 vel
475 3751 619 3846 satirica,
646 3759 701 3836 vei
715 3759 863 3835 acerbior
880 3757 1074 3858 obimgatio.

580 3888 583 3897 ¹
661 3920 665 3929 ,
979 3948 980 3955 ¹
1044 3885 1159 3966 '109.
