2709 4434
333 387 419 485 cape
445 367 517 465 ist.-
565 389 620 462 m
640 388 974 468 amnestian.
1036 414 1104 485 19³

198 584 316 653 tentiae
330 575 459 651 diuinae
480 573 745 678 magnitudinem
754 575 939 677 planillime
957 576 1105 679 ex'preffit

196 690 247 758 his
256 684 375 755 verbis}
399 685 510 769 Dixit,
514 685 584 774 fiat
595 685 674 757 lux:
690 680 819 775 olfatio
833 683 875 773 est
888 688 964 757 lux:
984 690 1105 758 etenim

197 791 390 887 exprimitur
404 784 601 886 magnitudo
614 779 778 887 potentiae
792 778 834 857 ex
849 810 902 869 eo,
921 784 1010 889 quod
1023 807 1104 861 num

196 892 373 964 voluntatis
380 889 520 963 efficitur
532 888 600 975 lux,
615 886 744 975 deinde,
759 885 850 988 quod
864 907 948 961 tanta
962 890 1103 965 eelerita-

172 1029 175 1040 1
195 1014 246 1069 te:
269 991 408 1093 denique
421 999 455 1067 in
468 993 621 1069 omnibus
633 994 738 1078 rebus,
758 1019 842 1092 quae
858 993 957 1090 vulgo
971 991 1101 1069 mensu·
1183 1025 1187 1033 ·

194 1125 250 1171 rae
262 1094 496 1198 magnitudinis
509 1109 676 1199 putantum
686 1093 728 1168 de
741 1097 857 1198 quibus
872 1094 1013 1171 diximus
1027 1106 1059 1176 P.
1073 1108 1098 1174 1.

195 1207 229 1277 8.
245 1208 271 1278 Ι.
285 1199 399 1289 onii
414 1196 840 1300 magnitudinemgillulltem
852 1197 981 1273 faciant.

247 1329 332 1397 393.
350 1304 442 1382 Alter
452 1302 526 1377 fons
542 1300 741 1377 sublimitatis
756 1324 821 1373 emt
835 1309 869 1374 in
877 1300 1006 1387 affeetn
1019 1323 1098 1377 eteo

193 1405 332 1507 quidem
346 1403 470 1507 magno
484 1429 516 1482 et
530 1400 865 1508 generoso-animum
878 1434 927 1479 res
941 1413 1097 1481 humanas

193 1532 460 1585 contemnentem
480 1513 532 1585 vel
552 1517 705 1584 virtutem
720 1507 935 1582 aduentantem
954 1510 1098 1584 indican-

191 1634 242 1712 te:
263 1623 382 1717 quippe
417 1614 527 1690 uidam
543 1610 615 1689 sunt
630 1618 729 1687 etiam
747 1611 898 1698 humiles,
913 1633 946 1685 vt
961 1612 1097 1703 tristitia,

191 1740 309 1805 metus,
329 1643 448 1793 inuidia
462 1739 522 1792 etc.
539 1724 572 1792 in
587 1717 800 1818 quibusnulla
816 1717 1020 1816 magnitude,
1042 1738 1097 1792 aut

187 1821 557 1925 adnnmtioellepotell.
574 1826 738 1896 Namnon
744 1820 1031 1921 potell‚vtSeneca
1039 1828 1094 1905 ait,

190 1927 402 2031 deTranq.c.
417 1954 471 2022 15.
480 1922 604 2027 grande
617 1922 749 2025 aliquid,
764 1920 893 2026 etlupra
908 1927 1097 2012 ceteros‚lo··

190 2035 259 2128 qui‚
276 2030 334 2103 niti
348 2051 440 2105 mota
455 2059 557 2108 mens.
590 2033 781 2116 Enimuero,
793 2058 875 2131 quae
889 2058 965 2106 cum
979 2028 1097 2129 grandi

161 2157 164 2162 ’
190 2135 293 2201 animi
316 2138 541 2221 commotione
566 2131 736 2219 dicuntur,
768 2139 802 2206 in
824 2137 917 2207 rebus
931 2136 1097 2233 gramme,

140 2263 142 2274 ·
175 2281 178 2286 -
191 2256 230 2305 ea
243 2251 457 2304 commouent
465 2232 653 2310 audientem
666 2235 718 2308 vel
726 2235 950 2323 admiratione,
964 2238 1014 2310 val
1028 2242 1098 2338 pari

191 2353 300 2410 motu.
360 2341 470 2432 ltaque
488 2357 602 2407 omnes
620 2359 909 2420 commonemur‚.
927 2337 1096 2413 Didonem

190 2446 306 2513 iratam
322 2457 355 2510 et
366 2430 529 2511 furentem
542 2459 621 2509 cum
633 2433 795 2518 eudimus.
848 2445 886 2511 ln
903 2446 966 2512 hoc
978 2463 1097 2540 genere

188 2563 299 2615 nutem
314 2546 369 2643 qui
385 2536 587 2625 schocelino,
608 2539 740 2638 intelligi
755 2541 858 2639 potell
872 2567 914 2614 ex
930 2546 985 2631 iit,
1012 2571 1096 2645 quae
1204 2536 1206 2541 ’

189 2650 342 2743 incapite
356 2643 397 2716 de
411 2640 576 2716 affecllbus
592 2642 677 2715 didla
693 2639 765 2716 sunt
778 2645 809 2740 §.
826 2667 885 2738 99.
900 2640 923 2720 s.

245 2772 329 2839 394.
353 2749 506 2821 Tertium
535 2744 670 2819 sontem·
697 2743 834 2821 fecimus
876 2748 997 2848 figurae
1024 2773 1095 2821 non

192 2876 318 2936 omnes,
333 2848 387 2925 sed
404 2848 558 2951 augendis
569 2850 664 2924 'rebut
678 2869 712 2923 et
723 2856 865 2926 motibus
877 2856 1096 2951 animi-expete

185 2952 319 3029 mendis
330 2961 429 3055 aptas.
445 2954 759 3057 Eaequaastnt,otin
768 2960 883 3041 verbis,
896 2951 1095 3030 etittlenten·

190 3064 256 3143 tiit,
268 3053 600 3161 indicatumellsupta
612 3089 640 3133 c.
655 3051 685 3148 3
694 3061 725 3158 ἦ.
738 3085 755 3148 3
766 3077 820 3147 38.
830 3057 884 3132 sed
895 3060 976 3133 illud
985 3058 1095 3150 viden·

189 3158 271 3232 dum
284 3163 341 3247 est,
364 3184 397 3238 vt
413 3162 701 3265 fintlocopolltee,
723 3164 852 3249 honest,
878 3170 950 3237 arei
968 3168 1094 3261 magni·

189 3261 302 3360 tudine
316 3288 487 3355 euocatum
519 3265 680 3341 etaffettu
696 3274 790 3366 graui
811 3265 982 3369 exptellau
1035 3269 1095 3342 Ita·

187 3393 252 3541 pue
266 3394 326 3440 nec
350 3371 505 3446 laborabit
526 3397 729 3472 magnopere
749 3378 870 3447 Orator
888 3379 923 3445 in
935 3393 1108 3474 -quaerenr

214 3476 239 3541 is
256 3471 387 3569 liguris,
413 3475 735 3576 interponendisque:
772 3472 828 3549 sed
846 3474 960 3576 sponte
981 3501 1094 3548 occur·

187 3594 261 3645 rent
274 3602 350 3647 cnm
363 3578 467 3667 rebus,
489 3575 674 3681 praesertim
689 3585 724 3651 in
739 3604 780 3652 eo
794 3606 925 3683 genere,
946 3576 1037 3685 quod
1051 3599 1094 3651 ex
1138 3567 1141 3578 ¹

187 3674 356 3754 affettibns
372 3687 481 3754 oritur.
537 3687 625 3756 Nam
640 3680 722 3762 illud
744 3693 832 3786 priua
852 3711 976 3787 genua,
1005 3678 1096 3785 quod

189 3781 314 3888 coullat
334 3782 501 3865 altitudine
522 3783 773 3877 sententiatum,
795 3789 863 3863 fine
886 3793 978 3889 graui
1001 3805 1104 3871 motu,-

169 3917 195 3928 ··
239 3894 346 3976 omna·
363 3897 461 3966 Initio.
514 3921 518 3934 ·
697 3894 779 3984 (N)
993 3890 1135 3974 annul-2.
