2709 4434
158 318 161 325 Ι
258 372 330 445 ¹5²
477 343 556 441 cap.
580 346 613 417 Ι.
652 282 720 419 (De
741 342 930 441 Elegantius

259 529 304 605 do
321 524 468 631 negledla
482 535 676 630 proprietas,
698 526 753 602 sed
774 529 827 602 vel
848 533 993 603 maxime
1008 532 1160 625 ambigui*
1185 558 1212 604 -ι

260 642 425 721 iancuius
439 632 557 735 duplex
571 631 661 707 causa
675 633 738 707 eil:
762 638 930 735 primodo
951 632 1056 704 verbis
1076 628 1161 730 ipsiu
1209 638 1212 643 '

261 734 436 813 deinde-in
458 744 628 824 contextu,
650 764 716 837 quo
732 740 846 825 verba,
871 732 1031 809 aliaesatis
1046 731 1162 835 perspie
1206 772 1212 805 -π

261 871 340 927 cua,
366 848 409 915 ita
435 841 634 927 afficiuntur,
659 862 695 912 vt
716 845 910 941 ambiguitas
936 836 1075 915 exfissat.
1127 846 1164 915 ln

188 1032 190 1037 Ι
261 947 366 1023 verbis
386 942 516 1045 singulis
536 945 581 1017 est
600 964 732 1045 propter
757 973 850 1032 earn,
877 972 977 1045 quam
999 948 1165 1036 homony-

261 1056 363 1124 miam
378 1046 508 1135 dicunt,
527 1070 615 1136 tum,
635 1076 714 1121 curn
731 1052 825 1123 verba
841 1049 961 1149 reliqua
973 1073 1044 1119 non
1058 1047 1166 1121 valent

262 1150 302 1227 ad
327 1150 589 1250 intelligendum,
627 1180 710 1252 quae
731 1152 924 1252 fignificatio
943 1148 1087 1223 subiecta
1108 1149 1166 1223 fit:

270 1272 274 1281 '
305 1253 350 1329 od
363 1251 451 1329 secus
465 1254 527 1340 est,
551 1259 605 1329 vbi
630 1255 665 1328 id
689 1259 727 1330 fit
743 1258 817 1329 data
831 1282 951 1355 opera,
975 1275 1011 1327 vt
1025 1261 1121 1327 iocus
1135 1272 1166 1329 et

287 1360 435 1433 isterium
456 1358 598 1446 exsiliat,
629 1366 664 1433 in
683 1388 754 1463 quo
771 1386 891 1458 genere
910 1357 956 1431 est
974 1365 1077 1431 etiam
1095 1386 1168 1432 acu·

263 1480 389 1539 menet
407 1462 631 1551 uerrussamt
646 1462 742 1563 saepe
764 1462 851 1563 apud
871 1468 1092 1550 Ciceronem,
1111 1488 1168 1535 uo·

262 1571 411 1643 minatim
441 1572 475 1641 in
501 1566 641 1667 epistolis
667 1568 710 1642 ad
735 1570 951 1641 Trebatium:
980 1571 1062 1639 item
1090 1594 1169 1641 curn

261 1673 359 1745 verba
389 1697 458 1744 non
485 1674 616 1775 proprie
651 1688 684 1745 et
716 1694 863 1745 accurate
887 1671 1053 1743 dicuntur.
1106 1666 1171 1743 Sed

261 1781 407 1847 maxime
429 1774 474 1846 eli
495 1782 529 1847 in
548 1776 658 1847 uerbis
682 1780 816 1873 iundlis,¹
848 1802 888 1845 ex
916 1770 1172 1861 conllrudlione,

263 1882 411 1975 inprimis
429 1879 483 1947 vbi
506 1877 683 1949 infinitiuus
709 1878 754 1949 eli
770 1885 851 1949 inter
864 1876 947 1951 duur
959 1874 1165 1961 accusatiuoe,

264 1985 482 2080 omninoque,
504 1982 557 2051 vbi
581 1975 760 2055 subiedlum
783 1987 817 2054 in
843 1988 966 2053 incerto
986 1979 1047 2069 est,
1061 2000 1093 2053 vt
1104 2004 1161 2073 pu·

265 2102 345 2158 trem
359 2084 667 2180 uerberaffl'filiemr
680 2108 797 2167 ¹ornent,
806 2086 924 2185 soem
936 2088 1033 2185 σάφα
1048 2108 1165 2159 nutat:

264 2190 329 2265 Aio
346 2204 383 2265 ‘tt
405 2186 542 2260 Aeacida
557 2210 618 2263 ete.
667 2174 727 2251 ·..l.
832 2239 836 2250 ·

319 2310 404 2383 3¹⁵3·
429 2288 557 2365 Exsrstit
577 2316 654 2365 vero
676 2287 849 2365 obscuritas
868 2294 966 2363 etiam
980 2317 1000 2363 e
1014 2290 1172 2365 breuitate

266 2400 389 2480 nimia,
413 2415 449 2469 vt
467 2390 558 2496 saepe
570 2392 661 2494 ‘apud
673 2392 909 2490 Thucydidem
922 2399 957 2469 in
970 2396 1174 2470 orationibua

266 2500 506 2599 Tacitumque,
532 2505 621 2575 cuius
640 2524 742 2597 genus
757 2498 803 2572 est
818 2503 918 2571 etiarn
933 2486 1175 2583 deerravido·

266 2630 342 2679 rvr:
369 2606 555 2680 traiectione
581 2602 704 2677 duriori
724 2622 756 2674 et
780 2598 946 2697 synchyl'r,
976 2600 1175 2701 hyperbato,

266 2705 474 2802 παρενθέσει
489 2706 628 2803 longiori
646 2708 678 2779 e't
695 2706 884 2805 multiplici,
905 2730 981 2779 cum
995 2700 1106 2781 sensus
1119 2706 1175 2777 ab·

267 2802 386 2882 solutio
404 2815 444 2883 ita
460 2809 560 2909 longe
575 2811 616 2883 ab
629 2815 722 2883 initio
737 2808 939 2897 distrahitur,
957 2831 991 2881 vt
1005 2834 1082 2885 eam
1095 2832 1174 2915 pro-

267 2906 353 3013 sequi
371 2918 505 2984 inteutio
522 2918 727 3010 cogitationis
746 2940 815 2985 nou
828 2910 934 3013 poss'tt.

322 3040 405 3105 314.
415 3021 603 3115 Proprietati
619 3013 826 3091 adiunxerim
835 3019 1087 3111 popularitatem
1102 3038 1175 3087 ora·

268 3121 383 3204 tionis,
408 3126 497 3193 cuius
521 3126 669 3195 lraecrvis
691 3119 755 3206 eli,
776 3123 936 3197 vtruerbit
958 3136 1176 3193 utemuruon

268 3216 328 3292 nist
349 3227 402 3307 iis,
428 3250 509 3321 quae
530 3232 564 3297 in
586 3218 642 3296 vsu
661 3229 744 3298 vitre
790 3223 976 3299 uotidianee
996 3214 1176 3307 versantur,

268 3349 372 3423 eoque
392 3321 500 3414 sensu,
526 3354 592 3430 quo
613 3251 813 3405 consuetudo
829 3330 1017 3403 communis
1031 3318 1175 3425 usurpat,

268 3421 324 3499 sed
340 3433 382 3500 ita
396 3450 516 3515 tamen,
530 3453 564 3503 vt
579 3432 736 3531 elegantia
750 3428 969 3507 construetur:
998 3426 1089 3531 quod
1105 3454 1176 3501 ⁰⁰11

268 3557 384 3629 parum
400 3529 584 3632 diligentiae
598 3538 778 3635 postulare,
802 3532 868 3637 ipse
883 3539 1002 3609 Cicero
1017 3526 1175 3635 agnoscit.

213 3734 216 3739 ι
269 3640 378 3737 Itaque
399 3662 467 3709 non
488 3637 591 3721 modo
616 3646 729 3715 omnia
749 3640 845 3715 verbu
871 3640 1042 3715 vitabimus
1061 3656 1096 3711 et
1117 3660 1173 3734 ge·

228 3842 231 3849 Ι
269 3764 346 3815 uera
360 3738 536 3846 loquendi,
557 3770 638 3849 quae
654 3734 860 3821 in'leholiret
874 3740 1107 3844 manentique
1127 3745 1175 3812 in·

1060 3864 1175 3919 terren
