2709 4434
347 364 429 464 Cap.
457 370 523 446 VI.
574 368 629 443 De
655 368 837 447 Gmeribus
857 322 1020 449 dicendi..
1053 396 1123 469 ¹95
1167 460 1170 469 Ι

156 547 256 646 {sili
256 556 418 657 gabinus-
426 561 610 631 orationem
625 564 708 659 aptis
719 564 766 633 rei
779 554 954 635 lirbieslae:
969 558 1075 647 tardis,
1089 565 1125 637 in

156 660 241 759 {³ss
255 667 366 762 graui,
388 680 422 734 et
433 663 535 735 vbiin
549 664 643 735 rebus
655 661 729 764 ipsu
742 662 872 737 tarditas
884 664 941 747 est,
956 665 1123 754 celeribus,

156 762 188 819 ἒ
202 769 261 839 sbi
278 769 483 847 vehementia
503 763 711 865 quaedamst
727 768 871 845 celeritas
886 767 932 840 eil
951 773 985 840 in
999 764 1128 847 senten.

156 872 278 969 ⁵¹·'riisa
310 873 525 970 inprimisque
546 873 580 942 in
600 867 747 946 clausulis
768 870 968 961 videbimus,
999 890 1045 945 ·vt
1063 899 1122 946 eae

156 980 172 1025 ²
204 997 302 1076 epte,
326 978 486 1072 grauiter,
506 1001 543 1047 ae
556 972 729 1049 numerose
741 974 873 1053 cadant:
899 974 988 1078 quod
1005 979 1120 1080 quihus

158 1098 180 1139 Ξ
206 1082 353 1155 *suaseris
365 1076 541 1163 efficiatur,
562 1073 658 1176 supra
672 1076 927 1180 demonstratum
940 1079 997 1157 esl.

170 1210 173 1215 ·
259 1207 346 1273 397.
371 1181 568 1255 sublimitati
589 1188 787 1255 contrarium
807 1189 923 1259 vitium
937 1183 984 1258 est
1003 1203 1120 1270 tomos,

156 1316 168 1357 .-
204 1284 271 1360 liue
278 1288 427 1384 friges:
451 1305 616 1357 tumorem
632 1305 765 1371 vocant,
783 1293 856 1387 quia
868 1286 1011 1391 speciem
1023 1290 1127 1365 babes

156 1422 168 1465 z
203 1386 408 1464 sublimitatis
421 1409 455 1462 et
470 1385 724 1487 magnitudinis,
753 1416 830 1463 cnm
852 1386 926 1466 vera
943 1389 1121 1466 sublimitas

156 1528 164 1569 t
204 1489 433 1569 nulla‘sublit:
459 1485 583 1590 siigus,
610 1499 685 1591 quia
708 1494 790 1567 nihil
811 1517 925 1569 niouet
942 1496 1120 1583 audientes,

204 1626 284 1673 eum
307 1593 483 1671 sublimitas
496 1623 570 1669 vera
589 1591 717 1695 semper
737 1620 871 1672 moueat
892 1606 1037 1684 munos,
1066 1590 1120 1670 vel

205 1701 434 1788 admiratione,
443 1699 497 1775 vel
504 1700 571 1773 alio
580 1728 647 1800 quo
657 1697 787 1777 affeslu.
807 1704 943 1776 Tumor
956 1710 1053 1802 igitur
1061 1700 1118 1788 ess

204 1804 234 1879 li
243 1824 350 1906 partes
367 1799 741 1896 externae-sublimitatis,
756 1807 888 1906 figurae,
904 1811 1012 1891 verba,
1027 1832 1119 1879 eorn-

201 1930 329 2012 parens
341 1906 638 1995 fureinternis‚.hoc
652 1909 708 1997 eli,
721 1912 807 1985 nulla
820 1909 948 1985 sublimi
966 1907 1124 1989 sententie,

200 2012 364 2088 subiesia:
377 2010 465 2113 quod
480 2009 605 2112 semper
618 2013 847 2105 fitnecelsario,
862 2015 887 2089 fi
903 2022 972 2117 quis
981 2023 1014 2093 in
1023 2016 1118 2097 relius

209 2119 320 2215 paruit
333 2110 475 2189 sublimia
490 2136 605 2216 captet,
623 2137 678 2191 aut
692 2117 759 2194 slne
775 2144 869 2196 motu
885 2126 1003 2206 animi,
1025 2123 1120 2191 cuiue

208 2215 432 2294 idoneaceusu
446 2216 561 2293 sublit:¹
582 2219 720 2310 deinde,
750 2221 776 2296 fi
795 2251 844 2295 res
859 2221 955 2321 supra
973 2221 1117 2295 modum
1166 2220 1168 2227 ’

202 2342 374 2422 augentur,
401 2345 436 2398 vt
450 2352 511 2397 nec
525 2325 675 2421 intelligi,
695 2350 758 2396 nec
770 2323 856 2397 credi
878 2325 1007 2423 possint,
1028 2322 1118 2395 vnde

201 2423 282 2500 risus
297 2435 531 2530 potiusquam
547 2425 731 2515 admiratio,
744 2423 966 2529 consequitur:
987 2423 1118 2514 itemffi

202 2539 297 2632 quis,
315 2537 529 2622 moratione,
558 2536 731 2605 Po'e'taruru
752 2538 850 2606 utitur
861 2527 1052 2616 sententiis,
1079 2547 1116 2602 vt

201 2639 317 2710 Florus
330 2631 423 2737 saepe
437 2634 533 2710 lecit:
567 2634 719 2736 denique,
735 2634 759 2709 fi
780 2639 885 2710 verbis
897 2643 994 2710 vritur
1008 2634 1114 2729 dithy-

201 2742 366 2826 rambicis,
380 2747 519 2839 tragicis,
539 2746 745 2842 omninoque
757 2742 1015 2821 translationibus
1036 2746 1115 2841 pois·

201 2849 273 2918 ticis
289 2872 328 2917 ec
347 2849 444 2917 nimis
460 2843 548 2918 duris
567 2866 600 2920 et
612 2843 797 2922 audacibus.
855 2850 986 2920 Etenim
1008 2847 1113 2919 Poetis

200 2948 258 3021 illa
284 2940 531 3037 condonantur,
572 2971 723 3052 tanquam
742 2949 889 3052 profesio
920 2952 964 3022 ab.
989 2945 1113 3032 surore,

226 3078 301 3125 uem
331 3049 582 3128 enthusiasmum
612 3075 749 3145 vocant3
788 3059 841 3156 qui
869 3075 978 3125 tamen
1000 3069 1031 3123 et
1053 3046 1114 3149 ipss

202 3078 340 3228 subinde
373 3156 514 3230 modum
542 3158 727 3246 excedent,
771 3154 1113 3259 reprehendunturque

201 3265 343 3349 merit03
384 3266 419 3334 in
449 3268 596 3335 oratione
627 3284 736 3335 autem
772 3261 878 3336 nullus
915 3254 1112 3333 excusationi

199 3362 294 3437 locus
323 3363 537 3463 relinquitur:
572 3363 711 3466 denique
740 3369 904 3465 epithetis,
928 3360 985 3435 etfi
1016 3371 1127 3452 series

200 3490 315 3540 tamen
328 3469 414 3541 nibil
427 3468 640 3542 efficientibus
658 3493 787 3571 quoque
800 3469 895 3555 loco,
923 3468 977 3542 vel
1001 3467 1042 3542 ad
1055 3488 1112 3540 au·

199 3569 370 3670 gendum,
398 3573 449 3645 vel
464 3572 505 3646 ad
525 3570 720 3648 ornandum.
780 3572 941 3672 Exempla
963 3569 1114 3673 suppedi·
1152 3585 1155 3592 '

200 3678 282 3748 rabit
303 3673 536 3756 Werenfelsrus
558 3682 594 3753 in
619 3674 755 3751 diatribe
786 3675 827 3750 de
853 3682 1012 3754 Meteoris
1031 3680 1112 3748 Ora·

199 3784 319 3869 tionis,
337 3801 370 3854 et
389 3780 454 3857 alii.
863 3780 866 3787 ’

570 3964 575 3979 .
631 3864 695 3987 ,ps
722 3886 761 3979 ².)
798 3962 816 3988 ,.
856 3889 858 3893 ’
981 3876 1115 3979 est-In
