2709 4434
235 379 308 431 aea
364 352 445 449 cap.
476 354 544 430 VI.
595 354 651 428 De
677 354 855 431 Guarinus·
879 356 1020 441 tumn.

231 566 299 623 tem
319 541 659 632 ae·'Demosthenem,
697 568 798 617 nemo
821 546 990 646 ambigat,
1024 570 1163 653 eosque·

228 654 391 754 principes
416 651 610 749 eloquentia.
675 650 716 720 In
736 653 785 723 his
809 670 919 725 autem
939 678 1011 725 non
1033 678 1140 755 perpe·

228 775 320 829 tuam
341 747 507 825 ess‘eillam
521 745 750 838 subtilitatem,
780 772 853 824 ante
866 752 1025 829 diximus.
1085 764 1141 833 itt·

227 880 291 961 que
318 854 450 930 aueiore
472 861 650 941 Cicerone,
685 860 830 929 Atticum
857 864 966 957 potior
998 858 1142 935 dicemur

227 988 326 1047 eom,
359 966 413 1059 qui
429 958 492 1031 istis
512 956 631 1043 tribur,
658 953 831 1061 dequibus
854 983 927 1036 unte
941 960 1074 1039 diuum
1088 963 1140 1052 eii,

228 1066 402 1168 generibtu
420 1067 505 1137 recte
524 1092 563 1135 ac
576 1062 654 1135 loco
667 1068 711 1134 vti
727 1062 843 1163 poffit:
869 1094 974 1166 aquo
995 1067 1079 1143 abiit
1097 1074 1139 1151 ni·

228 1178 296 1246 mia
316 1165 526 1242 redundantia
546 1171 580 1240 in
598 1192 718 1265 genere
740 1165 895 1268 copioso,
923 1186 960 1242 'et
972 1192 1090 1247 contra
1107 1179 1140 1247 in

227 1300 347 1376 genere
373 1276 460 1345 tenui
490 1291 522 1344 et
548 1269 720 1344 moderato
745 1274 860 1346 habeat
887 1272 986 1349 iiiam
1014 1282 1139 1365 Atticis,

228 1404 375 1453 maxime
396 1375 520 1449 Platoni
541 1396 573 1449 et
593 1379 822 1475 Xenophonti,
853 1385 1025 1479 propriam
1046 1408 1139 1456 venu.

227 1481 362 1566 statem,
394 1510 413 1553 a
434 1508 498 1582 qua
518 1485 572 1555 hie
593 1477 727 1580 quidem
746 1486 844 1553 etiam
865 1488 935 1581 apir
953 1487 1082 1575 Attica,
1110 1505 1139 1561 et

227 1593 334 1662 oratio
350 1590 418 1658 eiur
439 1584 535 1657 melle
549 1590 658 1658 Attico
674 1583 772 1684 plena
791 1581 878 1659 dicia
894 1583 959 1674 eii,
987 1596 1139 1665 cernitur·

226 1718 292 1793 que
308 1694 454 1762 maxime
468 1694 502 1761 in
513 1683 569 1761 vsu
582 1691 765 1763 Socraticae
775 1693 917 1777 ironiae,
944 1698 1139 1768 eontinmtit

226 1798 425 1893 metaphoris
439 1791 560 1876 nitidis,
579 1788 791 1867 afluiionibus
804 1791 932 1894 lepidis,
957 1801 1038 1871 iocis
1052 1794 1135 1871 tetii·

222 1904 292 1985 vir,
323 1919 356 1969 et
369 1892 530 1968 sententiis
551 1891 664 1967 facetis
681 1902 835 1972 etaeutis.

275 2024 321 2090 4¹
334 2025 365 2081 t·
390 1999 442 2071 Ab
460 2024 501 2070 eo
515 1989 623 2069 differt
633 1998 806 2094 Asturicum
820 2027 889 2075 noa
905 1997 975 2089 iic,
996 2000 1125 2075 athenia

221 2100 322 2180 ¹Attici
346 2106 475 2200 generis
501 2121 625 2186 careat,
670 2096 724 2174 sed
748 2124 782 2176 vt
806 2109 845 2177 iis
863 2109 963 2178 nimir
985 2103 1133 2193 abundat,

222 2205 327 2306 fitque
342 2201 528 2308 praesertim
543 2205 745 2279 vberrimum
758 2215 873 2308 eopia,
894 2234 966 2283 non
980 2207 1088 2283 modo
1104 2216 1134 2283 in

219 2313 348 2400 verbis,
380 2305 433 2383 sed
456 2315 554 2383 etiam
572 2309 626 2383 vei
647 2317 793 2383 maxime
814 2318 848 2385 in
868 2318 1086 2387 exornatione
1106 2332 1135 2387 'et

222 2414 486 2516 amplificatione.
546 2419 658 2492 Oritur
671 2420 760 2487 enim
781 2418 821 2488 ab
841 2421 965 2515 ingenii
980 2419 1134 2507 ubertate,

220 2540 254 2594 et
268 2546 385 2592 rerum·
398 2523 558 2593 memoria
573 2515 882 2618 comprehensarum
902 2524 1019 2619 copia,
1042 2543 1134 2625 atque

220 2620 307 2699 adeo
320 2625 439 2695 abono
454 2617 542 2723 quafi
554 2618 653 2696 succo
665 2642 698 2695 et
713 2618 880 2723 sanguiue,
895 2619 951 2696 sed
967 2628 1069 2700 nimir
1081 2654 1136 2703 co·

218 2723 327 2830 pioso.
367 2734 477 2826 Itaque
492 2728 540 2800 eu
553 2733 651 2801 etiam
665 2731 701 2798 in
714 2718 821 2800 laude
863 2730 983 2799 Cicero
998 2730 1132 2828 quidem

218 2827 288 2931 ipse
302 2857 343 2903 eo
358 2856 477 2931 genere
492 2827 561 2903 vsor
574 2829 636 2919 est,
668 2853 742 2911 ante
778 2857 856 2905 uam
877 2828 909 2904 se
926 2833 1062 2907 Moloni
1078 2834 1133 2911 tie·

219 2931 368 3020 didisset,
396 2939 526 3033 eiusque
551 2931 715 3031 specimen
733 2860 778 3008 ei
802 2942 906 3009 oratio
926 2961 988 3034 pro
1008 2935 1132 3015 Roscio

221 3044 399 3116 Anerino:
428 3031 484 3110 sed
498 3041 539 3113 ab
553 3039 612 3111 iilo
625 3044 768 3111 monitor
782 3045 892 3139 coepit
910 3039 1004 3113 iilam
1014 3041 1133 3118 redun-

220 3141 368 3218 dantiam
382 3146 490 3218 vitare.
517 3192 521 3199 -
552 3153 657 3244 Atque
677 3147 775 3216 etiam
793 3140 976 3229 Hortensii,
1012 3154 1072 3245 qui
1086 3145 1131 3222 se·

221 3243 386 3321 cundura
401 3250 560 3319 Cicerone
582 3269 768 3321 numeratur
786 3248 849 3334 est,
881 3252 1067 3325 orationem
1090 3279 1132 3327 ex

221 3377 264 3426 eo
275 3375 397 3452 genere
413 3346 525 3437 fuiffe,
545 3355 658 3425 audior
670 3350 716 3424 est
731 3356 849 3426 Cicero
865 3361 951 3429 Brut.
966 3379 1026 3444 95.

274 3478 361 3544 414.
385 3456 447 3528 His
460 3454 589 3528 duobus*
608 3459 812 3530 interietium
826 3463 915 3531 aiunt
936 3452 1031 3531 fuuie
1047 3461 1131 3535 Rio-

219 3560 325 3647 dium,
349 3557 459 3658 paullo
479 3558 641 3660 eopiofius
664 3565 788 3646 Attico,
821 3559 950 3662 preiirur
968 3560 1132 3639 Afiatico:

220 3690 263 3737 ex
285 3688 392 3765 eoque
407 3687 524 3761 genere
540 3668 735 3739 Ciceronem
756 3659 818 3738 effe
839 3665 964 3738 volunt.
1024 3666 1131 3769 Qoti

219 3766 426 3871 largiendum
446 3770 554 3870 vtique
574 3774 656 3858 erit,
701 3766 727 3844 fi
750 3767 859 3864 Lyfiar
881 3775 978 3846 Attici
998 3774 1128 3873 gemrir

278 3918 280 3925 ·
1016 3902 1128 3953 exem·
