2709 4434
216 349 286 429 198
347 332 427 431 Cap.
456 331 523 407 VI.
573 331 631 437 De
656 298 834 405 Generibas
857 332 1002 415 dicendi.
1096 274 1100 293 Ι

269 546 356 609 ⁴02·
375 520 531 594 Tertium
547 544 650 618 genna
664 512 723 603 est,
738 514 827 618 qnod
844 523 1015 607 medinm,
1027 538 1112 617 temp
1152 534 1174 611 g·

216 640 339 712 tatum,
364 645 493 709 vocant,
517 630 590 724 quia
605 623 650 696 est
665 622 747 696 intes
760 623 985 723 magnificum
997 650 1031 699 et
1043 646 1115 699 tenu

218 732 435 811 interiecium,
453 731 579 801 vberius
591 749 622 800 et
634 721 959 826 splendidius-tenui,
975 724 1032 803 sed
1046 734 1120 829 eopia
1170 726 1174 791 ἓ

221 854 253 908 et
266 852 379 908 ornatu
395 829 572 905 submissius
587 855 619 904 et
632 827 809 905 modestius
823 824 971 907 sublimi.
1032 841 1076 907 lta
1095 858 1123 905 ue
1164 852 1174 898 n

221 944 250 1013 ei
266 943 467 1012 conueniunt
480 943 593 1008 omnia
608 960 729 1033 genera
749 958 1063 1013 ornamentorum
1085 964 1125 1009 en

224 1048 329 1121 tentiis
358 1060 391 1113 et
414 1041 538 1124 verbis,
570 1037 729 1113 sedeunt
757 1036 864 1112 modo
892 1042 1032 1143 aliqn03
1058 1039 1128 1115 vnde

225 1143 344 1220 exsistit
360 1140 492 1216 suauitas
507 1151 669 1230 inanima,
687 1164 723 1217 vt
738 1142 819 1216 nihil
833 1140 873 1215 fit
887 1172 932 1219 eo
949 1172 1088 1247 genere,
1102 1164 1131 1219 vt

225 1247 373 1327 floridius
390 1270 421 1320 et
432 1250 565 1346 pitsius,
587 1253 631 1320 ita
647 1244 816 1322 iucundius
830 1269 864 1319 et
878 1247 1022 1324 draleiua.

280 1377 376 1441 403.·
387 1359 425 1425 In
439 1356 506 1426 hoe
517 1357 615 1451 igitur
632 1379 750 1450 genere
763 1348 834 1423 sunt
846 1352 932 1426 latae
949 1376 986 1431 et
997 1348 1134 1454 copiobe

229 1453 470 1558 disputationes,
482 1475 513 1529 et
527 1457 589 1529 loci
606 1480 810 1542 communes,
820 1452 874 1527 sed
885 1457 958 1532 fine
975 1464 1135 1533 vehemen-

230 1567 273 1633 tia
290 1581 321 1634 et
338 1566 548 1635 contentione
564 1588 582 1634 e
596 1560 893 1634 vehementioribus
915 1560 1054 1663 figuris:
1078 1558 1137 1633 sen·

231 1670 349 1738 tentiae
364 1668 595 1751 creberrimae,
614 1691 733 1766 eaeque
748 1681 860 1737 acutae
871 1686 907 1738 et
920 1694 1048 1741 nonae:
1067 1668 1137 1737 aiio·

230 1766 337 1841 {iones
346 1768 387 1840 ad
402 1767 500 1852 saeba,
509 1767 646 1851 fabulas,
660 1797 710 1843 res
723 1768 895 1856 naturales,
907 1771 1023 1871 placita
1036 1771 1137 1842 Pinio·

231 1867 432 1970 sophorum,
452 1877 546 1955 ritus,
559 1868 724 1943 formulas
738 1867 918 1952 solemneea
935 1877 1130 1969 metaphorae

232 1999 309 2048 eum
325 1979 437 2058 ceteris
456 1978 557 2072 tropis
574 1974 721 2061 crebrae,
757 1983 936 2053 continuae
953 2000 984 2053 et
1002 1972 1128 2076 spiendi·

232 2074 312 2151 daea
340 2076 464 2175 figurae
488 2079 664 2151 verborum
685 2105 820 2166 omnes,
852 2090 955 2155 etiam
980 2077 1134 2155 sententia·

232 2207 325 2267 rum,
360 2200 482 2279 praeter
503 2186 757 2256 vehementiores
779 2187 976 2259 nonnullas:
1009 2185 1141 2259 ooiioca·

232 2289 280 2359 tio
292 2282 490 2360 eastructura
509 2285 626 2371 laeuis,
654 2286 781 2386 periodi
796 2288 1048 2376 elaboratiores,
1071 2315 1141 2362 con·

234 2395 371 2463 einrritan
393 2417 412 2463 e
441 2390 545 2463 relatis
564 2393 719 2492 paribus,
767 2390 983 2497 similiterque
1009 2392 1142 2469 cadenti·

235 2495 309 2569 bus:
335 2515 367 2566 et
385 2499 511 2566 numeri
526 2491 665 2594 denique
680 2492 800 2569 suaues.

288 2621 369 2688 404.
396 2605 433 2670 In
447 2603 514 2671 hoo
526 2625 645 2696 genere
658 2603 814 2672 eGraecis
822 2600 926 2696 longe
939 2596 1141 2701 princeptesi

235 2696 403 2782 Isocrateo:
430 2697 483 2775 sed
500 2698 619 2774 eodem
632 2699 723 2803 saepe
740 2726 872 2776 vtnntnr
893 2708 999 2779 etiam
1015 2707 1141 2778 Piatoet

234 2811 421 2905 Xenophon
439 2810 666 2880 inSocratieis:
688 2812 832 2881 ehtinis
840 2814 960 2883 Cicero
974 2806 1021 2879 de
1033 2814 1139 2883 Orato·

234 2936 289 2994 re,
308 2930 403 3009 atque
417 2915 513 2981 etiam
526 2916 723 2998 inOratore,
744 2932 775 2983 et
784 2914 932 3011 Dialogis
946 2908 1135 3013 philosophi·

237 3018 303 3098 ein,
330 3018 364 3086 in
381 3011 521 3111 epistolia
534 3013 619 3088 haud
636 3022 756 3114 paucis,
772 3037 866 3116 atque
879 3020 978 3087 etiam
991 3019 1140 3089 orationi·

235 3116 296 3188 bus
319 3116 502 3190 nonnullis:
541 3116 583 3192 ad
608 3145 751 3220 quorum
772 3116 855 3193 adeo
875 3123 1094 3192 imitationem
1113 3113 1141 3191 se

187 3304 190 3310 ,
233 3215 422 3306 ῐοῃὶετοηῒ,
454 3224 508 3321 qui
522 3227 586 3296 hoc
600 3249 718 3323 genere
731 3220 852 3325 aliquid
866 3221 995 3297 efficere
1011 3226 1120 3319 uelint.

288 3345 374 3409 4ος.
400 3330 507 3426 Atque
533 3332 611 3400 haec
637 3323 708 3403 sunt
732 3329 783 3402 illa
810 3333 868 3403 uia
893 3352 1014 3424 genera
1037 3328 1142 3405 dicen·

234 3421 288 3508 di,
317 3450 457 3526 qnorum
472 3424 725 3532 vsupersedlum
747 3453 909 3506 oratorem
932 3431 1144 3507 indicandum

234 3531 353 3602 Cicero
363 3524 528 3630 disputat,-
547 3562 627 3608 cunt
647 3537 717 3609 aliis
736 3536 833 3621 socia,
859 3555 931 3607 tuna
949 3541 985 3609 in
1003 3536 1142 3635 praecia·

233 3658 272 3705 ro
288 3633 382 3719 libro,
396 3639 450 3734 qni
472 3641 592 3712 Orator
616 3636 815 3714 inscribitur:
847 3644 896 3711 eui
917 3640 1002 3714 libro
1016 3660 1142 3715 tantum

232 3732 299 3840 ipso
311 3742 452 3841 pretinm
468 3737 592 3831 statuit,
620 3765 655 3818 at
676 3772 719 3821 ex
740 3770 801 3835 eo,
833 3741 912 3849 qnid
935 3738 1001 3846 ipse
1022 3749 1059 3821 in
1080 3750 1142 3818 hoe

380 3861 384 3868 .
600 3860 602 3865 .
1022 3864 1142 3953 gem
