2709 4434
318 426 320 431 .
434 360 514 459 Cap.
540 364 612 439 ΙΧ.
661 360 718 439 Dr
740 364 902 441 Moribus·
1078 392 1125 467 55

211 562 320 655 tione,
339 549 454 653 gestu,
480 557 635 654 vocisque
653 547 736 627 sono
751 548 889 627 refilias:
912 551 1123 633 fimulationis

206 665 299 735 enirn
320 652 540 757 suspicionem
558 662 702 743 inficias,
736 683 819 758 quae
841 667 1020 760 corrumpit
1039 666 1122 745 beno

206 762 380 839 dictorum
400 765 482 835 vim.
533 762 623 835 Nam
642 765 750 833 omnir
775 781 885 836 motus
906 783 1018 837 nutura
1032 769 1120 865 paul·

208 870 304 944 latim
317 870 496 948 minuitur,
520 885 571 952 et,
595 884 630 938 vt
649 864 739 938 calor
759 891 829 939 non
848 863 953 939 subito
965 873 1001 941 in
1015 866 1121 969 frigus

214 975 447 1056 tonuerunt,¹
478 963 525 1041 fic
549 994 710 1067 magnum
724 982 870 1049 jmotum
893 997 962 1045 non
988 993 1120 1074 repente

174 1150 177 1163 ,
214 1082 304 1181 quies
322 1068 539 1175 oousequitur.

264 1202 351 1271 105.
374 1180 492 1277 Neque
510 1193 622 1247 tamen
644 1177 743 1246 nimir
763 1170 901 1275 urgendi
920 1173 1120 1268 fontanini,

207 1304 263 1359 aut
277 1280 400 1355 diutius
418 1273 665 1353 immorandum
679 1274 795 1352 iisdem
810 1277 987 1355 afferiibus.
1037 1287 1119 1359 Sunt

209 1392 307 1461 enirn
326 1402 436 1457 nature
453 1378 668 1455 inconstantes
690 1405 722 1453 et
744 1384 897 1457 mobiles:
926 1409 958 1458 et
980 1405 1014 1458 vt
1034 1384 1118 1489 quis·

213 1514 282 1589 que
304 1504 413 1559 motus
425 1490 527 1569 :enimi
549 1489 791 1571 vehementior,
815 1492 858 1559 ita
873 1493 980 1560 minus
997 1487 1118 1564 diutur-

214 1617 290 1667 uur.
341 1590 503 1663 Ciceronis
518 1585 646 1661 dietum
660 1586 725 1675 est,
750 1592 830 1663 nini!
846 1595 941 1666 citius
957 1594 1117 1694 inarescit,

207 1720 310 1796 quam
322 1700 488 1793 lart'ym
510 1720 542 1769 v.
556 1691 692 1793 Qiutil.
708 1697 770 1779 VI,
788 1719 819 1768 r.

290 1845 1039 1883 m

575 1951 671 2022 CAP.
702 1952 759 2023 IX.

500 2075 578 2149 Dr·
616 2076 829 2151 Marium

239 2275 243 2281 .
629 2215 712 2283 106.

282 2340 341 2387 um
354 2307 523 2385 uffenibus
536 2307 620 2385 adeo
637 2314 805 2384 coniuniii
827 2307 899 2383 sunt
912 2341 1014 2389 mures
1026 2316 1114 2391 Rhe.

307 2437 438 2501 torum,
459 2431 494 2486 vt
514 2442 533 2486 a
552 2415 715 2491 nonnullis
733 2433 903 2588 proffparte
923 2442 1038 2489 eorum
1054 2446 1114 2518 po·

209 2540 342 2594 uantur:
356 2546 435 2593 curn
451 2513 572 2605 dicant,
580 2517 632 2596 τοὶ
644 2515 754 2606 πάθη
768 2543 786 2591 e
813 2544 830 2588 e
844 2521 1048 2605 incitatiores,
1062 2519 1115 2597 ταὶ

212 2617 278 2711 ἤθη
300 2625 441 2698 leniores
460 2641 492 2694 et
515 2622 751 2724 tranquilliores
769 2617 902 2693 efferim
914 2628 1114 2698 animorum.

205 2725 270 2801 Sed
292 2723 494 2800 cousuetudo
513 2747 625 2799 tamen
643 2723 739 2813 fecit,
774 2745 808 2798 vt
827 2721 961 2800 effecius
983 2733 1115 2829 proprie

204 2828 250 2905 de
263 2833 427 2931 prioribus
441 2828 634 2903 dicerentur.
661 2829 745 2903 Illud
769 2827 902 2931 quidem
916 2849 1040 2921 certum
1056 2828 1114 2923 est,

202 2953 382 3035 utrumque
405 2960 506 3033 genus
527 2933 669 3010 eundem
690 2935 815 3021 finem,
831 2930 886 3009 sed
907 2962 976 3008 uon
996 2933 1114 3014 eadem

202 3044 418 3113 contentione
442 3058 559 3138 petere.
617 3043 706 3112 Nam
729 3060 837 3111 mores
856 3039 970 3111 leniter
987 3059 1019 3113 et
1043 3036 1111 3117 seu·

202 3141 288 3228 iim,
310 3137 444 3215 affertur
465 3148 601 3216 incitatis
621 3162 653 3214 et
671 3148 801 3241 magnis
820 3141 957 3243 passibus
978 3171 1112 3246 progre-

203 3244 357 3319 diuntur:
373 3272 481 3319 mores
494 3246 626 3319 eliciunt
640 3244 891 3346 persuasionem,
909 3244 1042 3324 affe6ius
1057 3277 1113 3324 ex·

201 3355 364 3451 primunt.
416 3355 455 3425 Iu
476 3355 541 3422 hoc
561 3371 672 3424 autern
696 3346 872 3437 differunt,
895 3351 985 3453 quod
1005 3353 1053 3425 illi
1075 3361 1110 3427 in

205 3463 302 3527 omni
318 3480 436 3552 genere
449 3460 623 3541 orationis,
643 3457 676 3525 hi
696 3458 731 3525 in
750 3456 912 3528 nonnuliis
925 3475 1050 3531 tantum
1063 3456 1124 3545 lo„

205 3584 286 3631 curn
301 3558 429 3631 habent.
479 3562 560 3631 Sunt
581 3578 689 3631 autern
715 3585 822 3632 mores
836 3559 997 3659 triplices,
1015 3579 1050 3631 vt
1060 3556 1111 3633 su·

206 3690 267 3762 pra
280 3660 406 3734 didum
425 3659 483 3749 est,
503 3667 650 3746 oratoris,
670 3659 876 3752 auditorum
899 3658 1036 3766 denique
1056 3690 1111 3737 eo·

207 3794 303 3853 rum,
325 3771 382 3868 qui
405 3772 553 3840 oratioue
572 3768 755 3841 tradiantur.

686 3872 733 3962 (D
759 3874 798 3966 4)
890 3832 895 3841 Ι
1030 3886 1117 3955 roz.
