2709 4434
296 310 300 315 Ι
417 346 500 447 Cap.
521 352 566 425 1.-
605 347 660 427 De
680 349 844 449 Epssoiit.
1015 382 1088 464 ¹⁰9

175 542 329 627 tudinem
342 536 430 646 sequi
448 539 613 617 vellemus.
674 538 740 616 Sed
762 539 892 617 tarditas
913 548 1089 629 hominum

174 650 268 747 fecit,
286 667 324 723 vt
337 642 549 741 necessarium
565 643 727 720 videretur
741 651 839 722 etiam
855 646 983 738 docere,
1008 681 1090 753 quo.

176 752 306 842 modo,
332 778 415 852 quae
438 749 479 826 de
499 756 687 826 inuentione
709 758 803 824 omni
824 782 862 826 ac
882 748 1091 852 dispositione

176 875 350 967 praecepta
372 851 464 942 sunt,
492 852 820 929 accommodarentur
838 855 972 956 finguiis
992 885 1092 959 geue·

178 967 266 1045 ribus
278 964 470 1037 orationum
483 979 578 1061 atque
592 965 691 1035 etiam
707 959 933 1060 epistolarum,
960 992 1023 1066 qua
1041 972 1093 1040 via

180 1072 380 1153 inueniretur
401 1069 535 1140 materia
559 1065 775 1150 orationibus,
819 1070 935 1166 quibus
955 1069 1010 1141 vel
1032 1098 1092 1143 nu·

180 1180 273 1279 ptiar,
294 1168 348 1245 vel
364 1192 472 1244 nouos
489 1172 641 1253 honores,
659 1167 709 1240 vel
723 1173 900 1269 imperium
911 1167 1093 1275 susceptum

240 1275 435 1359 mittemur,
449 1272 563 1377 quibus
581 1268 788 1345 laudaremus
803 1297 963 1364 mortuos,
980 1275 1095 1352 conso·

181 1304 338 1463 gemus,
351 1373 605 1477 deploraremus,
618 1382 734 1473 gratias
748 1404 928 1474 ageremus,
951 1384 983 1453 e't
997 1381 1099 1457 fimili

183 1485 300 1585 aliquo
318 1478 429 1557 officie
442 1480 493 1553 vel
509 1480 620 1553 nossro
639 1480 692 1550 vei
708 1481 849 1555 aliorum
864 1490 1010 1570 nomine,
1021 1484 1096 1560 fun·

183 1608 355 1689 gerentur.
414 1587 524 1662 Huius
551 1585 677 1682 generis
706 1583 923 1682 praecipiendi
944 1590 1096 1690 exempla
1139 1660 1142 1665 .

183 1690 280 1772 nulia
290 1690 409 1765 habent
421 1686 615 1770 Aristotelea,
632 1689 762 1773 Cicero,
778 1689 1004 1791 Qintilianus‚
1026 1695 1098 1766 atii-

183 1822 267 1899 que:
290 1788 346 1865 sed
361 1789 539 1886 Dionysius
552 1791 616 1863 Hal
623 1786 835 1864 icarnass'ensrs
849 1797 883 1863 in
900 1796 1029 1891 Τέχνῃ,
1054 1794 1098 1871 ad

186 1898 337 2003 epistolas
357 1901 546 1995 pertinentia
567 1890 719 1966 Pt'eudo-
739 1899 919 1970 Demetrius
944 1902 1024 2001 περὶ
1048 1909 1099 2003 ἕρ.

188 1999 330 2105 patefac
346 2003 378 2097 §.
398 2024 465 2084 231
487 1994 570 2098 seqq.
593 2003 698 2101 Atque
711 1997 839 2072 fortasse
853 2007 951 2074 etiam
965 2007 1099 2079 hocnu-
1169 2077 1176 2089 ,

191 2113 277 2183 mine
291 2103 440 2205 proderit
456 2101 510 2175 ista
529 2108 722 2201 praeceptio,
740 2126 773 2176 rt
790 2112 907 2178 tirones
916 2117 1027 2183 omnia
1041 2108 1100 2185 ista

195 2206 443 2312 generareferre
456 2203 578 2279 discant
596 2206 637 2279 ad
659 2235 778 2305 genera
802 2207 987 2298 caularum,
1018 2241 1103 2316 quae

191 2314 351 2417 explicata
364 2307 453 2397 sunt,
484 2330 579 2413 atque
592 2307 669 2383 inde
685 2318 853 2384 materiam
869 2313 998 2387 dicendi
1013 2340 1102 2416 pete.

188 2444 236 2495 re.
289 2421 448 2491 Dicemus
474 2420 573 2515 igitur
595 2418 740 2514 primum
765 2412 805 2486 de
827 2416 987 2514 epistolis,
1039 2446 1103 2495 uae

188 2520 264 2597 sunt
280 2521 381 2596 veluti
398 2515 593 2618 compendia
612 2516 768 2590 iustarum
785 2525 988 2596 orationum:
1010 2447 1103 2600 beitr-

190 2626 234 2703 de
245 2623 291 2701 de
302 2628 482 2729 praecipuis
497 2629 682 2696 orationum
695 2625 877 2722 generibus.

281 2788 1041 2828 w

568 2894 599 2963 C
606 2895 679 2965 ΑΡ.
705 2896 733 2967 I.

461 3016 534 3091 De
574 3017 855 3114 Epistoiie.·

612 3177 699 3248 239.

169 3324 175 3339 .
199 3251 397 3438 Epistulae
409 3260 559 3331 inuentae
571 3250 662 3345 sunt,
689 3277 723 3330 vt
744 3279 824 3329 curn¹
840 3245 1019 3328 absentibus
1039 3250 1110 3330 col·-

287 3365 384 3462 loqui
399 3357 570 3462 potiemur.
603 3359 666 3434 Sed
680 3365 824 3434 maxime
839 3356 961 3432 duabus
978 3358 1019 3431 de
1034 3384 1111 3430 cau-

200 3464 242 3540 fis
258 3462 458 3540 scribuntur:
484 3492 619 3568 quarum
634 3492 697 3538 vna
713 3464 776 3549 ess,
803 3483 837 3543 vt
849 3469 999 3537 certiores
1012 3458 1111 3535 facia·

200 3598 296 3660 mus,
315 3566 434 3670 fiquid
448 3567 574 3657 accidit,
595 3567 686 3670 quod
701 3565 846 3669 ipsorum
869 3568 991 3642 interfit
1012 3559 1113 3645 scire:

203 3675 321 3760 altera,
345 3692 380 3745 vt
395 3669 521 3752 sensum
536 3668 747 3778 animumque
763 3672 912 3750 nostrum
932 3668 1113 3747 absentibus

204 3784 399 3883 aperiamus.

1026 3886 1116 3959 aee-⁴
1199 3952 1203 3957 ,
