2709 4434
409 296 494 449 cap.
511 354 621 430 Vns.
669 350 928 450 nannenus.
1085 384 1133 457 51

222 572 319 631 rum,
346 547 516 619 aetionum
531 538 670 644 denique
692 547 868 617 imitatores
889 563 921 616 er
940 543 1140 639 laudatores·

223 645 410 750 obsequiosi
424 672 482 721 etc.
496 644 658 721 inuidetur
670 646 852 733 nobilibus,
879 646 1051 735 diuitibus,
1073 680 1133 752 po·

223 755 389 837 tentibus,
411 751 523 839 claris,
547 770 579 824 et
590 776 782 849 quacunque
798 748 841 822 de
855 748 947 825 causa
964 762 1134 829 eminenti.

226 857 301 930 bus.
327 860 417 929 Haec
429 861 527 955 igitur
541 875 573 929 et
587 853 705 929 fimilir
718 852 892 952 diligenter
914 850 986 930 sunt
1010 885 1133 957 cogno·

229 952 367 1045 frende,
387 981 419 1033 et
430 969 464 1033 in
482 965 546 1033 vita
565 957 756 1061 quotidiana
775 986 814 1031 ac
828 959 973 1033 lediione
988 961 1134 1036 animad·

229 1062 393 1150 vertenda,
419 1084 455 1136 vt
468 1061 531 1139 smt
544 1069 580 1137 in
592 1082 737 1164 promtu.
1157 1086 1162 1097 ·

276 1194 336 1258 95.
361 1172 476 1271 Neque
490 1163 743 1241 existimandum
758 1163 815 1250 est,
830 1189 970 1262 paruum
983 1190 1133 1241 momen·

221 1288 294 1342 tum
313 1266 423 1343 facere
440 1270 595 1366 personas
620 1275 654 1344 in
677 1266 846 1345 affediibus
874 1267 927 1341 vel
949 1269 1135 1368 incitandis,

222 1374 278 1445 vel
298 1371 509 1448 retardandis.
569 1368 794 1447 Misericordia
817 1367 880 1456 est.
911 1390 946 1443 vt
963 1376 1028 1444 hoc
1050 1396 1131 1465 utar,

228 1477 271 1544 ab
285 1478 383 1545 omni
396 1470 485 1549 sensu
501 1469 643 1547 miseriae
659 1474 799 1559 alienae,
824 1478 968 1571 inprimis
981 1503 1132 1573 magnae,

229 1571 285 1647 sed
311 1583 418 1674 magis
439 1576 565 1667 multo,
591 1574 617 1649 fi
637 1571 678 1650 fit
698 1581 735 1649 in
755 1581 911 1663 innoxiis,
940 1585 1053 1651 amicis
1072 1604 1132 1657 etc.

222 1683 268 1752 Et
280 1685 316 1752 hi
332 1678 463 1783 qudqne
477 1685 581 1779 magis
601 1699 758 1766 mouent,
780 1676 880 1753 stfint
898 1700 1005 1754 tenera
1018 1682 1133 1759 admo·

221 1783 319 1870 dum,
340 1784 391 1857 vel
407 1790 563 1884 prouedia
576 1804 689 1877 aetate,
711 1785 783 1857 orbi
801 1787 995 1885 parentibus.
1022 1797 1132 1889 ltaque

221 1887 385 1973 videmus,
408 1885 554 1963 summos
561 1895 713 1987 Oratores
727 1893 780 1960 hic
795 1896 902 1988 magis
916 1886 1058 1989 personis
1076 1902 1132 1981 vti,

182 2038 184 2043 ·
218 2019 320 2093 quam
336 1995 441 2069 rebus.
500 1999 553 2067 Sic
567 1996 687 2065 Cicero
704 1998 798 2064 Verr.
818 1998 853 2076 Ι,
883 1993 1131 2077 5r.miseric0r·

222 2096 312 2167 diam
329 2103 476 2170 maxime
491 2116 604 2170 mouet
619 2101 719 2182 hoc‚-
733 2093 825 2197 quod
844 2101 960 2169 iniuria
983 2097 1069 2173 facia
1092 2099 1132 2173 fit

225 2204 336 2273 Iuniae
350 2202 495 2302 puellae,
519 2199 682 2301 pupillae,
707 2204 865 2299 ingenuae
882 2221 942 2278 etc.

278 2309 337 2396 96.
361 2309 415 2378 Ne
440 2332 538 2408 quem
557 2324 667 2377 autem
688 2299 835 2375 offendat
853 2305 949 2390 iilud,
986 2299 1074 2405 quod
1097 2313 1131 2380 in

225 2403 391 2482 affediibus
403 2413 552 2482 oratoriis
567 2428 671 2508 parter
679 2405 836 2507 quaedam
852 2428 1027 2505 ponuntur,
1049 2436 1130 2505 quae

225 2506 422 2586 sedationem
440 2517 548 2613 potius
563 2515 664 2583 animi
679 2531 712 2582 et
734 2518 924 2585 vacuitatem
947 2543 965 2586 a
986 2513 1129 2611 grauiori

226 2637 322 2688 motu
341 2619 470 2702 habent,
490 2622 595 2716 quam*
604 2621 875 2701 commotionem,
898 2618 993 2689 veluti
1005 2621 1131 2700 lenitur,

221 2723 463 2796 inverecundia:
504 2721 600 2791 habet
620 2745 657 2791 ea
681 2744 731 2791 res
752 2714 879 2792 causam
902 2726 1003 2806 hanc,
1027 2716 1129 2820 -quod
1199 2770 1200 2775 κ

218 2818 295 2896 sunt
315 2831 474 2898 contraria
492 2824 785 2909 commotionibus,-
806 2843 841 2895 vt
853 2825 965 2896 lenitas
982 2833 1057 2908 irae,
1081 2829 1129 2895 in·

219 2926 419 3002 verecundia
435 2924 572 3028 pudori,
598 2947 629 3000 et
642 2924 797 3029 placanda
814 2932 858 2999 ira
872 2925 1034 2999 inducitur
1050 2927 1130 3000 leni·

218 3049 287 3117 tas,
298 3029 409 3132 pulso
423 3030 552 3132 pudore
567 3028 796 3103 inuerecundia
811 3028 906 3115 redte
930 3033 963 3103 in
979 3057 1045 3132 quo
1058 3058 1128 3106 ora·

218 3142 283 3208 turi
298 3133 545 3212 elaborandum.
597 3136 712 3237 Neque
732 3139 823 3205 eninr
841 3153 966 3207 tantum
990 3143 1129 3210 excitate

219 3260 316 3340 atque
329 3241 501 3313 incendere
519 3237 672 3325 aldedus,
698 3234 746 3309 est
766 3260 848 3335 opus
867 3245 1064 3325 oratorium,
1094 3234 1129 3313 ut

219 3342 379 3419 adiuuent
402 3335 657 3444 persuaderem,
690 3335 744 3411 sed
768 3343 866 3414 etiam
887 3349 1062 3445 reprimere
1075 3362 1129 3416 at*

218 3475 285 3550 qne
307 3447 524 3547 restinguere,
547 3476 589 3520 ne
606 3442 796 3544 impediant.
1127 3458 1131 3463 '

221 3580 223 3585 ’
276 3579 336 3644 97.
363 3558 471 3649 Atque
486 3571 519 3623 vt
535 3554 695 3624 contraria
706 3542 778 3623 sunt
794 3537 862 3634 issa,
882 3548 1035 3623 {raetiam
1051 3571 1128 3619 con·

214 3657 324 3731 trariis
344 3654 454 3730 modis
477 3654 668 3727 efficiuntur.
726 3655 814 3724 Nam
837 3659 1014 3726 excitantur
1035 3672 1131 3747 atque

216 3759 466 3848 inflarpmmrur
486 3756 643 3858 augendis
668 3755 727 3857 iis,
754 3782 812 3863 per
831 3763 966 3858 quaein
985 3750 1130 3850 singuiis,
1158 3784 1161 3791 ’

215 3927 220 3938 .
682 3862 739 3959 (D
765 3869 812 3955 a)
1097 3858 1146 3925 ‘m
