2709 4434
202 434 208 449 Ι
258 326 341 431 13'
425 393 428 399 -
470 286 948 422 rno'nrnonnnn

255 527 438 631 telligendis
456 526 538 621 satir,
558 549 700 606 autnon
720 530 909 609 intelletlit:
934 552 968 609 et
985 560 1035 609 rer
1049 561 1166 638 quam·

171 651 174 661 '
256 642 304 709 vis
324 631 506 738 perspiouas
526 633 673 710 obscurat
694 639 871 711 verborum
893 635 1026 716 inscitia.
1095 643 1166 712 Co·

254 747 310 842 pia
330 764 432 842 porro
456 746 613 827 cernitur,
632 746 798 841 primuni,
823 748 859 817 in
882 763 1165 845 argumentorum,

256 845 506 945 exemplorum,
541 845 1082 951 testimoniorumquefrequentia,
1114 846 1166 920 lo·

257 976 300 1023 eo
314 970 347 1024 et
361 955 485 1022 ratione
498 942 663 1049 usurpata,
679 948 820 1036 deinde,
845 957 880 1025 in
902 953 1097 1037 verborum,
1115 948 1167 1024 di·

196 1093 200 1102 ·
258 1051 419 1155 eendique
439 1050 625 1128 formarum
646 1076 680 1128 et
701 1060 897 1158 variatione,
926 1064 962 1129 'et
983 1053 1168 1155 frequenta-

257 1163 367 1246 tione3
391 1184 529 1258 quarum
547 1159 609 1232 illa-
621 1163 656 1232 in
676 1161 789 1244 rebus,
813 1163 894 1232 haec
913 1165 950 1232 in
966 1161 1071 1230 verbis
1087 1170 1169 1234 'tota

257 1258 349 1334 inest
407 1267 522 1364 Neque
550 1285 681 1337 ornatus
706 1265 782 1338 alias
811 1259 919 1337 causas
946 1264 1052 1338 habet.
1109 1265 1167 1335 Et-

257 1369 349 1437 enim
368 1372 488 1464 partim
509 1372 543 1437 in
564 1363 794 1442 sententiarum
814 1388 984 1441 acutarum
1005 1371 1098 1465 copie
1119 1371 1169 1439 in·

258 1465 323 1560 est,
347 1471 462 1569 quibus
487 1474 594 1546 oratio
617 1472 844 1574 distinguitur,
861 1476 1037 1572 partimin
1053 1474 1169 1568 tropis,

257 1572 374 1751 lippus
393 1595 426 1653 et
445 1602 601 1653 numero:
659 1604 742 1679 quae
763 1579 942 1651 verborum
962 1570 1027 1650 effe
1049 1599 1166 1647 omnen

258 1707 292 1754 rr
317 1697 383 1753 ent.

314 1835 347 1899 4.
372 1806 472 1882 Vnde
494 1811 551 1897 fit,
575 1829 612 1882 vt
635 1814 789 1885 Rhetoris
821 1808 904 1886 duae
928 1777 1073 1887 malime
1094 1834 1165 1912 pat·

260 1932 308 1990 tes
322 1913 402 1988 lint:
428 1940 567 2012 quarum
589 1913 686 1988 altera
706 1914 773 2000 est,
794 1918 829 1988 vt
849 1914 965 1992 doceat
986 1943 1034 1990 res
1049 1920 1169 1989 iman-

261 2044 323 2105 η,··
338 2021 540 2118 inuentisqu'e
562 2020 649 2093 teile
673 2019 870 2110 vtl:·altera,
894 2050 944 2099 ree
964 2024 1047 2097 bene
1071 2044 1168 2094 exco-

261 2130 376 2226 gitatae
399 2123 481 2194 bene
493 2127 605 2222 eloqui.

321 2281 352 2350 5.
379 2250 487 2328 Prima
504 2262 602 2356 igitur
625 2260 820 2332 Rhetoricae
845 2272 918 2361 p'ars
944 2258 990 2334 est
1013 2259 1172 2349 nucetio,

263 2388 346 2466 quae
367 2380 434 2433 tota
454 2361 494 2431 ab
513 2360 670 2463 'ingenim
690 2363 807 2452 literis,
827 2364 970 2439 leelione
992 2376 1024 2428 et
1043 2348 1098 2424 vsu
1119 2381 1170 2424 re.

263 2493 339 2543 tum
356 2459 489 2537 subatlo
500 2487 532 2539 et
544 2471 687 2554 nutrito,
714 2466 853 2543 ducitur.
902 2456 1102 2536 msubiena
1122 2456 1170 2528 ell

264 2570 438 2670 disprofitim
459 2596 539 2670 quae
559 2578 770 2646 inuenturum
791 2566 953 2643 deletum
971 2580 1004 2636 et
1013 2555 1171 2633 ordinem

264 2671 378 2761 tradit,
410 2673 518 2774 ellque
538 2673 650 2750 iudicii
669 2697 702 2750 et
722 2672 923 2777 prudentiae.
995 2664 1101 2740 Altera
1123 2663 1171 2736 eli

195 2786 197 2791 ’
266 2781 418 2867 elocutio,
442 2805 523 2878 quae
535 2776 777 2862 obseruatione,
801 2771 942 2857 iudicio,
965 2777 1064 2845 etiam
1080 2774 1173 2867 inge-

267 2887 325 2955 nio
340 2887 532 2955 continetur.
582 2885 626 2958 In
641 2888 704 2956 hec
724 2874 806 2951 inest
815 2902 881 2961 ea,
896 2896 1005 2978 'quam
1019 2872 1173 2948 nonnulli

267 2980 413 3085 eripiam
428 2991 501 3059 artis
515 2982 794 3088 partemfaciunt,
807 2988 1054 3076 pronunciatio,
1076 2995 1124 3064 et,
1145 2974 1174 3048 li

267 3115 318 3161 rer
339 3087 497 3188 postulet,
525 3097 619 3169 anilo.
674 3092 835 3162 Memorio
860 3104 987 3172 autem,
1018 3108 1117 3185 quam
1139 3099 1176 3152 et

268 3187 372 3291 ipsam
403 3196 593 3277 Rhetorices
634 3213 760 3292 partem
795 3187 1069 3272 retentionem,
1106 3181 1177 3257 liue
1209 3270 1212 3285 ⁴

268 3303 456 3396 propriam,
477 3297 544 3372 fiue
567 3296 746 3375 subietlam
771 3315 802 3368 et
829 3293 1014 3369 adiuntlam
1041 3292 1178 3376 aflinni,

269 3396 370 3475 dulia
391 3401 431 3490 ab
454 3401 610 3491 artificio,
631 3427 690 3503 per
703 3398 910 3474 Simonidem
927 3417 1073 3499 reperto,
1098 3421 1179 3466 cum

269 3503 378 3578 nostra
406 3503 590 3606 eloquentia
625 3530 696 3584 non
728 3530 929 3604 magnopere
961 3499 1007 3576 est
1040 3501 1180 3572 coniun-

270 3611 350 3785 plZ?
401 3608 488 3685 vnde
516 3616 583 3684 iure
602 3606 703 3687 hodie
737 3636 756 3685 e
779 3611 957 3714 praeceptis
978 3600 1109 3679 dicendi
1131 3601 1180 3676 est

290 3743 306 3784 u
341 3730 402 3784 ata.

1011 3841 1183 3920 murts
