2709 4434
330 311 422 470 Cap.
437 373 504 446 III.
545 368 701 445 DeLuco
716 336 972 473 tinguit-atus.
1059 395 1107 466 η

202 562 294 640 tono
310 557 485 663 praedicat,
495 574 630 662 gratem
649 562 704 659 est,
723 585 791 633 uon
805 575 873 637 tam
880 561 997 658 perse,
1011 589 1109 663 qnam

201 675 289 773 quud
312 674 369 741 abs
395 683 425 740 tt
446 672 552 741 datnm
571 665 631 763 est,
661 662 695 737 id
712 662 837 737 dieitnn
854 662 895 736 de
909 682 975 739 vno
989 693 1109 765 genere

201 799 318 848 rerum
346 768 567 870 patetiatius3
589 800 591 805 ·
617 769 726 872 estque
757 788 824 842 tarn
859 769 1030 871 multiplex
1063 784 1108 847 'ee

205 883 307 961 ratio,
330 893 365 948 vt
381 880 436 949 vix
456 879 633 976 praeceptis
655 871 896 976 comprehendi
916 868 988 948 fitis
1001 873 1109 975 poilit.

205 984 267 1056 Ma
291 976 405 1053 nitudo
427 985 516 1053 enim
535 992 681 1078 'augetur
705 987 741 1052 in
768 998 940 1079 vtratnqne
969 1003 1111 1081 partem,

201 1006 410 1186 periinarunr
430 1083 483 1155 vel
499 1078 674 1181 dignitate,
699 1079 950 1175 mestitudine,
974 1089 1110 1171 meritis,

200 1182 252 1262 vel
283 1189 380 1262 rebus
406 1191 583 1262 contrariis.
657 1193 699 1260 In
737 1193 927 1283 temporibus
957 1216 998 1261 ac
1031 1188 1109 1262 ln't

197 1310 303 1394 porro
334 1315 497 1390 magnam
526 1285 618 1387 saepe
646 1297 716 1363 uini
738 1288 779 1364 ad
802 1288 992 1392 augendum
1010 1294 1110 1367 habet

201 1391 393 1476 neceffitas,
413 1397 658 1488 opportunitas,
677 1413 709 1468 et
725 1392 874 1468 deicitus.

264 1518 324 1584 3ι.
352 1497 494 1591 Quintus
510 1493 600 1566 loeus
614 1496 709 1569 habet
720 1507 848 1572 mudum
859 1500 916 1583 rei,
929 1502 964 1569 in
976 1500 1109 1572 aetioni-

205 1600 266 1671 bue
286 1598 450 1696 ¹inprimit
481 1594 685 1671 aessitnandie
714 1600 897 1699 plurimum
933 1597 1109 1674 adiumenti

196 1696 362 1774 adferens.
437 1703 641 1778 Coniunetus
663 1722 772 1780 eutem
798 1703 846 1776 est
863 1709 1008 1779 maxime
1031 1733 1108 1779 cum

197 1805 276 1878 loco
299 1798 477 1880 causstum.
529 1806 618 1879 Nam
637 1805 757 1880 modus
777 1814 823 1882 rei
838 1808 946 1908 gestae
960 1830 1108 1910 propter-

197 1935 235 1981 ea
254 1905 296 1981 ad
310 1903 507 2007 'semipsum
521 1907 704 2010 augendam
720 1911 821 2000 vaiet,
841 1910 931 2014 qnod
947 1919 982 1986 in
996 1939 1038 1985 eo
1051 1940 1109 1986 ex·

197 2006 351 2112 primitur
365 2018 448 2084 ratio
467 2010 687 2100 causamme
711 2018 827 2118 quibus
847 2018 935 2089 aeiio
956 2038 1031 2089 nata
1050 2014 1107 2087 est.

199 2119 279 2187 Hoc
293 2115 370 2188 loco
384 2143 415 2188 v.
431 2144 460 2191 c.
479 2112 550 2208 esus
563 2117 609 2191 est
624 2121 743 2192 Cicero
759 2125 794 2192 in
809 2125 923 2220 Agrar.
936 2126 979 2194 11.
998 2126 1108 2196 hono-

201 2224 255 2306 rie,
275 2248 293 2292 a
304 2218 433 2320 populi>
447 2227 587 2321 accepti,
608 2222 750 2322 augendi
765 2220 878 2296 cansa:
901 2253 929 2296 e.
948 2251 981 2300 η.
1039 2227 1135 2299 Nn·

200 2350 259 2423 que
274 2351 322 2396 me
328 2323 434 2420 fitium
445 2324 685 2421 Cnufttirmsni·
709 2336 773 2399 is..
784 2325 858 2419 fid
869 2332 916 2396 ite
932 2328 1052 2420 fecistir
1062 2381 1071 2398 .
1080 2379 1109 2398 ..
1161 2388 1165 2401 ,

202 2447 265 2500 etc.
285 2432 363 2511 item
383 2433 418 2503 in
437 2433 528 2506 Orat.
553 2425 597 2501 ad
615 2433 708 2529 Qir.
727 2455 761 2529 p.
780 2423 866 2500 Red.
884 2426 1015 2529 aliisque
1028 2429 1110 2519 locis

202 2532 379 2631 permultis.

258 2648 316 2723 3‘2.
348 2638 470 2711 notas
490 2650 600 2706 autem
627 2637 676 2708 rei
698 2649 824 2731 praeter
851 2647 982 2728 tempus
1008 2648 1042 2703 et
1060 2628 1111 2705 lo·

199 2764 296 2826 cum,
322 2736 364 2815 de
381 2766 450 2844 quo
472 2757 565 2811 antea
586 2731 759 2837 separatim
781 2733 909 2809 dieiurn
924 2730 988 2820 eii,
1006 2740 1111 2809 eonti-
1140 2772 1149 2789 ν

196 2862 296 2919 netur
307 2863 376 2931 tot,
398 2850 530 2942 tamque
550 2848 646 2916 variis
661 2843 773 2929 rebus,
798 2860 835 2913 vt
847 2866 902 2915 eas
918 2835 1061 2936 vniuersa
1077 2860 1110 2916 et

196 2947 290 3019 breui
322 2953 551 3050 praeceptione
568 2943 859 3048 ¹comprehendere
901 2969 971 3018 non
1002 2943 1110 3025 liceat.

196 3038 358 3126 Ceterum'
377 3058 413 3127 in
433 3077 622 3152 unaquaque
643 3078 679 3126 re
691 3048 806 3136 facile,
829 3047 938 3152 fiquis
955 3056 1110 3125 animum

196 3152 369 3243 aduertit,
397 3160 604 3258 reperientur.
672 3159 727 3236 Sic
763 3154 910 3228 beneficii
942 3155 1109 3228 tribuendi

185 3254 322 3334 'nodus
347 3267 532 3343 continetur
549 3257 619 3332 fere
642 3259 800 3333 celeritate
820 3258 1001 3345 tribuendi,
1032 3259 1111 3333 hila·

195 3370 292 3439 ritate
319 3365 446 3450 vultus,
481 3360 639 3437 'comitate
662 3379 706 3437 ae'
728 3363 915 3438 liberalitate
944 3367 1114 3450 orationi&

196 3467 334 3570 aliisque
355 3466 524 3545 firniiibns.

254 3596 316 3662 33.
334 3572 392 3645 Est
420 3570 522 3646 'etiarn
552 3565 779 3668 intelligendae
812 3562 1046 3668 magnitudinis
1069 3565 1114 3639 io·

197 3702 268 3761 cus,
291 3681 348 3777 qui
369 3680 615 3770 comparationis
634 3671 759 3750 dicitur.
810 3669 874 3746 S‘ed
894 3671 989 3742 nobis
1006 3695 1060 3740 ma
1097 3690 1113 3737 t

197 3779 313 3886 placet
341 3785 621 3885 comparutionem
648 3782 685 3854 iu
708 3771 820 3853 niudis
838 3769 1027 3855 reatinen
1044 3794 1128 3885 rnen

276 3882 289 3917 t
1027 3885 1147 3966 2an-
