2709 4434
266 351 411 452 Cap-11.
445 328 658 429 Diuaseisa
671 347 867 426 inuentionis
880 352 1041 453 uniuersa.
1079 300 1153 447 93ι

220 543 413 620 iniustitiam
433 537 646 629 adsumimus,
676 537 703 612 ss
724 566 777 613 res
798 545 842 613 ita
863 535 944 631 sets,
968 544 1127 618 et'iulau·

220 647 336 724 dando
356 644 626 748 vituperandoque
645 645 815 719 utilitatem
835 666 867 719 et
887 645 1066 734 damnum,
1089 655 1126 724 in

220 747 402 828 accusando
432 776 508 824 vero
537 771 570 823 et
601 746 811 823 defendendo
849 756 948 825 etiam
985 773 1126 828 ceteram

221 855 421 932 honestatem
439 875 473 928 et
491 851 749 954 turpitudinem,
789 854 957 930 utilitatem
985 862 1067 929 item
1093 877 1126 929 et

221 959 391 1035 damnum.
442 967 597 1035 Ceterum
619 964 653 1031 in
696 985 803 1061 unque
825 985 946 1058 genere
966 965 1011 1052 ii,
1042 988 1125 1062 quos

216 1070 367 1168 proprios
387 1061 549 1151 diximus,
584 1062 649 1136 loci
672 987 904 1153 dominantur,
937 1070 1124 1168 propriam·

213 1197 278 1274 que
290 1199 330 1244 ac
342 1165 550 1242 necessariam
561 1163 673 1243 sedens
687 1172 815 1250 habent.

272 1293 333 1358 18.
355 1281 464 1372 Atque
477 1277 574 1344 etiam
588 1267 659 1344 sunt
672 1271 737 1345 loci
751 1270 886 1373 quidam
898 1270 1052 1346 omnibus
1064 1294 1122 1368 ge·

215 1379 349 1449 neribus
361 1401 545 1456 communes,
558 1371 601 1444 de
612 1400 734 1472 magno
747 1397 779 1448 et
796 1404 909 1474 paruo,
923 1372 965 1447 de
979 1372 1122 1474 polsrbili

219 1499 253 1551 et
268 1474 468 1576 impossibili.
515 1479 611 1547 Nam·
625 1503 702 1551 cum
724 1475 909 1566 laudamus,
929 1475 1123 1576 magnitudo

216 1608 328 1654 rerum
343 1579 553 1652 laudabilium
570 1576 821 1653 demonllranda
833 1579 898 1670 est3
925 1608 1001 1652 curn
1013 1576 1122 1655 suade·

211 1709 302 1769 mus,
315 1679 510 1782 magnitudo
523 1683 664 1757 utilitatis
677 1702 739 1756 etc.
791 1688 1006 1786 Comparatio
1022 1690 1122 1759 etiam

209 1784 305 1886 saepe
316 1783 466 1859 facienda
479 1785 541 1871 eli,
567 1805 620 1872 vt,
642 1784 733 1886 quod
749 1794 874 1875 maius,
899 1796 1049 1863 minusue
1070 1785 1121 1876 fit,

203 1909 373 1993 appareat.
403 1910 406 1921 “
417 1891 514 1962 Tum
527 1915 609 1990 quae
621 1888 805 1978 laudamus,
818 1889 953 1967 cafadia
968 1888 1043 1982 else,
1056 1888 1121 1964 sao-

208 2022 253 2096 pe
266 1989 556 2068 demonstrandum
571 1992 635 2082 es13
653 2022 735 2098 quae
748 1991 933 2086 suademus,
945 1994 1120 2101 possibilia,

209 2097 336 2190 sutura3
361 2124 442 2200 quae
456 2094 660 2186 accusamus,
685 2123 875 2201 perpetrata.
1105 2114 1109 2125 '

267 2228 322 2298 19.
343 2207 477 2277 Morum
498 2210 555 2276 tria
575 2197 647 2281 suns
666 2230 797 2304 genera.
848 2210 939 2280 Nam
962 2223 995 2276 et
1010 2216 1117 2276 orato·

205 2310 256 2382 ris
277 2333 386 2380 mores
405 2302 540 2407 quidam
556 2301 844 2406 suntprobabiles,
868 2315 925 2407 qui
942 2333 983 2378 ex
996 2309 1115 2377 oratio-
1167 2394 1170 2399 ἦ

209 2436 252 2481 ne
274 2408 391 2484 debent
409 2411 556 2484 elucere:
603 2428 636 2481 et
657 2412 841 2486 auditorum
862 2411 936 2498 alii,
972 2404 1014 2480 ad
1032 2432 1115 2510 quos

212 2520 316 2585 oratio
342 2512 439 2588 debet
464 2510 529 2586 else
554 2509 821 2587 accommodata:
852 2533 885 2588 et
902 2513 1115 2610 personarum

210 2612 510 2719 deniquedicendo
530 2612 770 2690 tradandarnm
792 2619 867 2705 alii,
887 2623 943 2721 qui
964 2621 1112 2689 oratione

206 2718 326 2796 debent
345 2728 498 2825 exprimi.
564 2723 727 2795 Omnibus
748 2724 919 2822 generibus
940 2717 1112 2797 adiuratus

197 2822 376 2925 persuafio,
401 2833 457 2929 qui
473 2825 519 2899 ell
531 2831 687 2898 orationis
700 2826 785 2901 linis.
847 2830 956 2902 Priora
972 2822 1040 2905 duo
1052 2850 1110 2925 ge·

173 2970 178 2983 ·
201 2956 280 3002 nera
299 2930 426 3006 aditum
448 2935 587 3003 orationi
606 2927 733 3004 faciunt
753 2929 796 3005 ad
817 2930 1021 3005 audientium
1041 2933 1110 3002 ani-

200 3060 294 3106 mos:
344 3043 476 3109 tertium
500 3061 580 3107 vero
606 3043 706 3110 etiarn
733 3031 922 3111 credibilem
938 3030 1018 3109 facit
1038 3059 1109 3107 ora·

198 3144 329 3214 tionem
343 3162 375 3212 et
386 3137 574 3214 iucundam.

191 3306 194 3313 .
253 3267 315 3315 ao.
334 3248 487 3318 Mutuum
497 3247 598 3317 animi
613 3237 696 3313 duae
732 3257 812 3312 artes
825 3234 908 3324 sunt,
929 3260 1112 3339 earumquet

197 3343 297 3418 altera
317 3368 351 3421 et
371 3343 437 3449 ipsa
458 3353 493 3420 in
513 3344 677 3420 nonnullis
696 3266 831 3445 duplex.
882 3349 1010 3418 Primae
1022 3343 1107 3441 parti

195 3442 330 3524 subsunt
344 3447 510 3552 personae,
522 3451 613 3524 alteri
626 3442 746 3521 causae.
785 3442 923 3522 Persona
945 3445 991 3520 esi
1011 3447 1109 3519 inter·

196 3548 1110 3656 dumduplex,alteraeius,quimouetur,altera,inquem

196 3647 363 3737 mouetur.
407 3656 529 3732 Causae
544 3679 655 3732 autem
670 3652 778 3730 insunt
792 3663 826 3728 in
842 3658 953 3741 rebus,
973 3670 1108 3751 propter·
1165 3726 1174 3735 ,

196 3789 277 3866 quas
291 3767 395 3842 animi
407 3769 625 3868 in'vtramque
638 3781 768 3867 partem
784 3750 1130 3855 eommuuer'rbobtu'sg

691 3870 736 3966 pp
762 3875 806 3970 ἢ
829 3890 831 3894 -
904 3968 911 3981 „
1040 3850 1155 3920 Qun.
