2709 4434
264 407 309 482 52
459 380 545 479 cap,
567 384 669 471 VIII,
716 381 771 458 De
791 346 982 482 Afftbibttr.
1040 318 1043 323 ¹

264 580 301 646 in
314 596 476 748 quosque,
502 579 670 648 oriuntur:
696 556 915 673 reprimuntur
929 592 961 647 et
974 567 1175 675 frangrmtur

264 703 400 752 minimi
426 702 460 748 18.

158 804 163 813 ’
200 812 205 839 ·-
318 798 377 877 98.
403 775 502 853 Vnde
523 779 622 875 igitur
639 794 830 875 argumenta
854 783 1057 878 petanturin
1078 807 1174 854 eom·

263 881 438 959 mouendis
453 910 491 970 ac
504 878 717 980 reprimendis
738 875 918 970 affectibus,
941 902 1038 983 patet.
1089 887 1175 959 Sunt
1204 914 1208 927 ¹

263 1012 373 1063 autem
385 993 418 1062 hi
433 988 497 1060 loci
510 994 655 1057 maxime
670 988 835 1079 coniuntii
851 1015 927 1058 curn
944 987 1043 1073 locis,
1068 1014 1086 1059 e
1103 996 1173 1092 qui·

164 1152 168 1161 .
262 1093 322 1166 bus
351 1099 385 1164 in
413 1114 543 1192 quoque
563 1114 683 1187 genere
704 1084 869 1162 causarum
900 1111 1093 1191 argumenta
1106 1120 1173 1193 'pe-

262 1214 393 1281 tuntur,
438 1191 629 1293 etquidem
662 1196 828 1293 inprimis,
869 1192 977 1296 quoad
1009 1193 1173 1272 ducuntur

262 1330 279 1373 a
293 1296 404 1374 causo.
443 1298 571 1383 Veluti,
593 1322 670 1369 cum
687 1288 907 1372 misericordia
919 1304 1047 1372 moueri
1063 1296 1173 1388 debet,

260 1405 312 1478 vel
326 1399 447 1488 sedari,
477 1402 588 1474 eloco
603 1395 734 1487 causae,
770 1404 803 1476 h.
817 1430 847 1478 e.
869 1408 1024 1489 iniuriae,
1053 1403 1108 1477 rel
1130 1406 1173 1480 ab

260 1509 469 1608 improbitate
483 1509 679 1593 hominum,
703 1505 757 1577 vel
772 1507 812 1577 ab
828 1508 999 1580 acerbitate
1017 1503 1172 1584 fortunae

260 1612 405 1696 oblatae,
441 1629 548 1710 patet,
583 1610 665 1682 illius
682 1613 808 1706 generis
828 1615 960 1683 iniuriae
976 1634 1171 1710 argumenta

260 1712 442 1791 arceffenda
465 1710 567 1785 ess'ee
592 1714 673 1784 iocis
702 1717 829 1809 generis
860 1711 1034 1801 iudicialis,
1076 1715 1170 1818 quod

260 1824 390 1892 iniurias
412 1815 513 1890 fades
534 1841 552 1885 e
573 1820 666 1887 certis
686 1814 773 1885 locis
790 1811 1006 1905 demonstrat,
1048 1838 1079 1892 et
1098 1827 1170 1922 qui·

261 1921 337 1995 deni
355 1927 392 1992 iis
407 1924 570 2003 maxime,
590 1923 645 2019 qui
659 1912 772 1989 insunt
794 1923 830 1990 in
850 1925 990 2021 partibus
1007 1917 1171 1998 felicitatis

259 2032 438 2100 humanae:
464 2027 556 2094 huius
575 2043 704 2107 autem,
731 2048 751 2093 e
769 2020 849 2098 locis
873 2032 1000 2127 generis
1019 2024 1170 2104 diiibera·

258 2135 330 2205 tiui.
342 2125 383 2201 cf.
398 2132 517 2199 Cicero
532 2131 590 2198 Or.
604 2132 656 2212 11,
684 2151 741 2218 51.
767 2154 779 2163 ··

312 2258 372 2325 99.
392 2237 519 2304 Verum
532 2257 600 2304 non
614 2235 726 2302 omnia
744 2224 851 2303 insunt
871 2234 974 2304 hicin
993 2256 1176 2331 argument-t

257 2341 296 2411 tis
313 2335 442 2437 apte‘ad
456 2330 609 2407 affectum
625 2360 786 2435 quemque
803 2333 1007 2408 mouendum
1024 2356 1056 2408 et
1068 2365 1167 2411 exeo·

256 2448 364 2542 gitatin
383 2459 415 2515 et
429 2442 588 2528 tradatis,
607 2433 663 2512 sed
676 2438 836 2526 multum,
860 2444 898 2511 ae
911 2448 1022 2540 'prope
1041 2439 1171 2529 dicam,-

256 2548 331 2647 plus
346 2545 431 2620 valet
444 2567 551 2615 motus
565 2549 667 2616 animi
681 2548 715 2615 in
730 2540 865 2615 dicente.
899 2547 1004 2646 Atque
1017 2550 1116 2637 etiam
1130 2552 1168 2622 in

256 2656 381 2751 optime
403 2653 542 2721 inuentis
568 2668 601 2719 et
623 2647 825 2748 amplificatis
847 2654 1043 2745 argumentis
1063 2646 1167 2749 frige·

255 2755 335 2826 bunt
348 2749 521 2836 auditores,
536 2749 595 2823 niii
609 2778 685 2823 cum
700 2746 1014 2850 sensuptofetantut,
1029 2757 1062 2824 h.
1070 2781 1099 2830 e.
1108 2761 1165 2841 ita,

254 2878 288 2929 vt
310 2885 329 2930 e
347 2852 430 2929 sono
445 2861 561 2942 nocie,
593 2854 704 2927 colore
724 2860 808 2940 oris,
842 2856 955 2928 obtutu
977 2857 1165 2948 oculorum,

255 2966 464 3060 corporisque
477 2957 580 3059 gestu,
599 2977 763 3058 appareat,
787 2964 913 3032 moueri
928 2955 1094 3035 dicentem
1112 2970 1163 3065 ip·

253 3060 336 3136 sum.
396 3070 506 3162 ltaque
528 3067 688 3134 Rhetores
708 3067 925 3163 praecipiunt,
949 3063 1163 3143 efficiendum

253 3163 316 3239 effe
332 3184 406 3238 ante
427 3170 541 3239 omnia
565 3162 705 3253 dicenti,
734 3187 766 3239 rt
787 3165 944 3239 afficiatur
965 3164 1049 3268 ipse,
1072 3193 1162 3246 ante·

251 3295 350 3372 quam
359 3265 520 3342 auditores
535 3268 767 3355 afficerevelit,
790 3296 895 3371 neque
909 3265 1031 3359 solum,
1055 3294 1090 3347 vt
1105 3304 1176 3350 va·.

251 3373 315 3447 leat
328 3377 452 3457 oratio,
473 3374 648 3476 habeatque
662 3373 782 3458 fidem,
808 3371 864 3447 sed
887 3379 985 3448 etiam
1005 3395 1039 3453 vt
1062 3378 1168 3478 poffit·

250 3475 322 3553 satis
344 3472 475 3561 diserte,
513 3503 593 3578 quae
612 3475 674 3550 fint
693 3476 939 3553 mouendorum
958 3478 1160 3573 auditorum,

251 3581 370 3684 eloqui.
387 3610 417 3655 v.
433 3583 502 3653 Cic.
521 3586 579 3659 Or.
595 3588 644 3670 11,
671 3608 731 3673 ⁴5·
753 3582 887 3684 Qintil.
901 3587 961 3669 Vl,
980 3611 1012 3658 a.

304 3697 386 3762 toe'.
410 3690 515 3786 Atque
526 3691 644 3773 etiam,
668 3690 724 3788 qui
740 3711 809 3759 non
824 3694 984 3760 commoti
998 3686 1058 3788 ipii
1066 3682 1160 3775 sunt,

250 3813 326 3862 cum
342 3787 454 3869 dicunt
471 3786 692 3892 scribuntque,
722 3795 862 3890 argutias
874 3787 950 3866 fere
970 3789 1157 3871 consectae·

708 3956 711 3961 .
1090 3914 1155 3987 tur,
