2709 4434
598 344 794 449 Prodata‘o.
1121 374 1151 463 ς

231 546 428 638 ueteribus
441 542 584 640 (heitar,
597 541 740 642 adiiom
756 572 831 657 qua
841 548 1146 635 Graecisoratio·

233 692 318 757 nes,
338 666 378 743 in
391 657 522 772 quibus
537 685 580 741 ea
597 654 727 741 locum
739 657 893 759 habeat,
914 660 1073 787 ἀγῶνες
1085 662 1144 757 di·,

235 798 385 859 cuntur.
416 776 827 859 Pronuntiatioautem
840 780 968 885 paucis
980 779 1143 881 magunt

237 883 576 980 admonitionibus,
603 883 629 967 fi
659 915 736 971 vox
761 915 783 973 a
813 894 943 973 natura
965 885 1066 973 bona
1086 886 1141 989 fir,

233 999 337 1100 ¹facile
352 996 663 1086 conformabitur.

232 1186 236 1195 .
284 1124 324 1198 in
347 1120 470 1226 prima
492 1135 615 1222 parte,
634 1142 713 1227 quo
735 1110 825 1198 loco
844 1112 893 1199 de
909 1118 1139 1223 argumentis

226 1228 468 1314 inueniendis
500 1231 642 1332 agitur,
679 1232 815 1311 retinui
836 1249 1004 1313 veterem
1024 1234 1138 1313 ratio·

227 1372 335 1450 nem,
352 1369 452 1455 quae
467 1362 685 1447 argumenta
699 1346 861 1449 reperire
877 1343 991 1428 docet
1003 1342 1138 1425 secun·

233 1458 328 1539 dum
357 1482 490 1561 genera
519 1455 731 1537 causarum:
775 1483 874 1549 non,
899 1485 978 1567 quo
999 1484 1079 1542 non
1099 1476 1137 1539 et

228 1571 325 1680 ipse,
343 1570 429 1678 post
446 1589 503 1652 tot
517 1566 631 1666 alios,
652 1566 796 1677 poiiem
812 1567 884 1651 alia
899 1575 959 1661 via
976 1574 1052 1666 vti,
1074 1568 1136 1650 sed

224 1687 314 1796 quia
329 1681 425 1765 nihil
437 1681 563 1769 adhuc
578 1680 715 1765 melius
730 1683 793 1765 ista
806 1686 952 1767 ratione
964 1681 1061 1779 vidi,
1080 1686 1137 1765 in·

221 1805 456 1910 primisque,
487 1802 669 1907 quoniam
691 1795 739 1880 ad
762 1793 1026 1903 intelligendos
1047 1790 1137 1878 faci·

222 1914 296 1994 lius
318 1940 410 1995 cum
435 1909 640 2008 Rhetores‚
669 1930 755 1993 tum
775 1912 961 1995 Oratores
976 1929 1136 2009 veteres,

223 2026 323 2109 utilis
344 2052 389 2107 ac
409 2052 531 2134 prope
553 2022 745 2107 neceffaria
777 2022 988 2109 videbatur:
1011 2016 1136 2109 'cuius

227 2145 280 2221 rei
296 2144 464 2221 maxime
485 2138 588 2220 causa
610 2141 725 2222 etiam
742 2142 897 2221 tertium
912 2164 1053 2243 genus,
1078 2140 1136 2217 iu·

225 2249 372 2348 diciale,
384 2252 630 2353 seruauimus,
649 2278 732 2361 quo
743 2249 830 2336 alias
846 2249 1048 2341 Rhetorica
1063 2248 1135 2335 ho·

225 2366 288 2446 die
304 2384 454 2471 putatur
473 2382 599 2449 carere
612 2362 726 2473 poiie.
757 2362 829 2447 Sed
846 2372 1009 2449 maxime
1025 2361 1133 2448 locos

229 2477 493 2578 magnitudinis
529 2476 727 2582 diligenter
773 2474 878 2563 volui
929 2473 1134 2586 explicare,

233 2585 341 2698 quod
357 2615 484 2673 corun
496 2596 663 2675 maxima
676 2593 729 2675 eii
742 2597 780 2675 in
796 2590 1031 2693 exornando,
1055 2616 1134 2671 am·

227 2699 442 2812 piiiieando,
450 2710 685 2813 omninoque
697 2711 738 2788 in
752 2701 1132 2813 eloquentiavtilitas.

221 2819 356 2927 Atque
379 2816 481 2900 idem
503 2826 543 2899 in
557 2816 651 2901 locis
670 2817 718 2901 de
736 2815 1131 2928 argumentationibus,

218 2958 429 3042 earumque
444 2936 690 3015 exornatione
705 2932 1133 3040 etamplificationeno-

217 3042 363 3126 iuimus
377 3043 550 3150 efficere3
565 3045 670 3156 quod
687 3071 1003 3150 cognoueramus‚
1010 3043 1131 3128 hodie

215 3155 353 3262 uulgo,
368 3178 406 3240 et
421 3162 487 3267 qui
500 3152 679 3261 dicerent,
695 3164 813 3271 etqui
829 3159 877 3243 de
890 3156 1039 3241 dicendi
1053 3176 1132 3238 arte

219 3276 492 3380 praeciperent,
501 3276 538 3353 in
555 3271 625 3354 hac
639 3291 744 3378 parte
761 3272 834 3357 effe
848 3268 955 3354 valde
969 3270 1085 3355 siccos
1094 3286 1132 3351 et

216 3406 366 3468 tenues.
416 3389 565 3492 Nempe
579 3384 746 3494 plerique
760 3388 845 3471 satis
862 3383 1012 3482 habent,
1034 3381 1130 3467 fiar-

215 3518 402 3604 ·gmnenta
419 3497 495 3603 ipsa
509 3516 673 3593 teneant,
681 3525 778 3608 quae
792 3500 922 3580 dicunt
936 3524 958 3579 e
973 3491 1130 3603 discipli·

218 3618 294 3706 nis,
316 3614 484 3693 maxime
500 3638 521 3692 e
536 3608 788 3721 philosophia,
808 3611 917 3704 discit
946 3609 994 3691 de
1007 3609 1131 3693 modo

223 3742 535 3829 argumentorum
559 3720 852 3816 tradendorum
869 3739 1132 3822 argumentan-

207 3834 290 3933 do,
314 3834 550 3935 exomendo,-
571 3838 860 3953 augendoque,
872 3826 1166 3990 ausaausa!

286 3968 288 3973 '
662 3958 730 4059 (A
759 3960 809 4061 a)
863 3982 866 3987 ’
1020 4012 1023 4017 -
1114 3962 1166 4014 b*

774 4180 781 4188 .
912 4138 1025 4188 A
1132 4163 1135 4167 Δ
