2709 4434
232 381 263 469 4
589 352 783 483 Praefatio.
822 466 826 477 ,

237 551 344 673 quod
359 550 426 637 vsu
441 548 678 649 diuturniori,
699 548 1024 667 multisvariisque
1041 559 1146 662 inge-

240 674 310 755 niis
327 663 698 757 affiduetratlandis,
724 694 1007 777 cognoueram2
1033 699 1149 783 quam

241 810 396 896 parum,
415 785 624 890 praeceptis
652 779 803 864 dicendi
822 778 881 864 ad³
892 776 1149 896 eloquentiam

243 898 507 1010 proficeretur,
528 892 788 1006 quantoplus,
812 917 875 979 aut
896 918 1010 1015 quam
1030 923 1151 1006 paene

244 1015 375 1098 omnia
397 1006 567 1092 client-in
580 1013 720 1114 ingenii
735 1007 913 1108 bonitate,
933 1018 1152 1119 interpreta-

245 1131 350 1209 tione
372 1141 561 1219 veterum‚
587 1121 645 1204 vel
670 1118 832 1209 ledlione
854 1123 1153 1219 bene-instituta,

175 1284 177 1288 ·
246 1241 512 1321 exercitatione
535 1236 711 1348 denique,
732 1263 828 1348 quae
845 1237 991 1324 solertia
1004 1260 1044 1321 et
1056 1237 1153 1321 indta

245 1358 308 1436 cio¹
321 1348 415 1433 boni
429 1355 681 1461 praeceptoris
695 1372 894 1460 regeretur.
916 1356 1066 1466 ,Atque
1083 1380 1154 1434 no-

245 1470 390 1550 minare
407 1462 556 1573 possum
577 1461 811 1552 dottitsnnos
836 1467 1033 1564 homines,
1056 1462 1154 1549 celess

247 1576 509 1691 berrimosque
522 1585 644 1674 viros,
669 1579 806 1691 quibus
822 1583 870 1662 de
884 1580 1062 1687 promitio
1077 1607 1154 1676 me,

247 1687 351 1777 velut
364 1690 515 1774 'tardum
530 1716 687 1786 nomen,
709 1688 988 1799 appellantibus,
1007 1689 1153 1772 causam

248 1828 375 1911 meam
395 1800 544 1882 abunde
570 1798 738 1908 probaui.
794 1801 996 1904 seucum,
1021 1799 1153 1881 diuens

248 1916 334 1999 ditis
349 1912 531 1996 secundae
546 1917 741 1996 initiorum
765 1912 939 1999 editionis
956 1911 1152 2022 exemplis,

249 2034 395 2115 tertiam
409 2046 554 2136 pararet
569 2023 793 2124 condutio,
805 2026 1013 2122 identidem
1028 2025 1155 2136 appel-

250 2142 377 2238 lando,
399 2139 607 2237 monendo,
627 2160 739 2251 atque
761 2149 875 2227 etiam
896 2142 963 2227 suo
981 2142 1157 2254 quodam

250 2250 332 2343 iure'
345 2251 587 2364 postulando,
608 2251 794 2365 perpulit,
817 2278 857 2340 vt
875 2254 1016 2340 deiide
1034 2254 1157 2369 exsol-

251 2367 374 2453 venda
383 2371 610 2473 cogitarem,
623 2388 672 2470 et,
694 2369 788 2452 dum
805 2372 903 2455 edita
916 2392 1001 2457 ante
1015 2384 1157 2479 repetess

251 2506 400 2581 rentur,
429 2480 527 2564 hanc
552 2504 696 2568 nouam
714 2505 753 2568 et
770 2484 1158 2571 vltimtm'lnitiorum

252 2620 397 2708 partem
436 2595 690 2693 conficerem3
714 2626 824 2711 quae
858 2596 1017 2688 forcalle
1045 2604 1159 2684 etiam

252 2709 521 2816 magnitudinis
539 2715 630 2794 vitio
647 2708 823 2798 laborat·
951 2772 954 2777 -
1032 2756 1035 2761 ·
1073 2743 1105 2808 ’ζ
1151 2760 1157 2774 ·

309 2821 491 2932 Descripsr
513 2842 633 2906 totam
652 2822 805 2906 dicendi
826 2844 945 2906 artem
971 2826 1010 2904 in
1038 2843 1160 2930 partes

253 2933 364 3034 duas,
399 2940 658 3019 inuentionem
676 2957 716 3019 et
730 2935 997 3019 elocutionem.
1060 2940 1160 3019 Nam

253 3045 450 3157 dispositio
463 3051 515 3133 est
529 3046 828 3159 profelloetipsa
837 3076 956 3154 genus
966 3048 1160 3160 quoddam

255 3164 503 3257 inuentionis,
523 3184 561 3243 et
576 3169 849 3272 pronunciatio
866 3184 979 3273 atque
994 3160 1091 3247 allio
1111 3169 1161 3246 ita

254 3300 346 3358 cum
373 3272 588 3358 elocutione
617 3274 838 3375 condrada,
886 3299 926 3360 vt
947 3273 994 3358 ab
1015 3302 1058 3361 ea
1081 3304 1161 3360 non
1210 3307 1212 3313 ’

255 3393 400 3496 optime
414 3383 646 3470 diuellantur.
663 3397 762 3498 Ego
775 3419 866 3475 vero
882 3394 1162 3502 pronunciatio·

227 3550 233 3563 „
256 3507 313 3583 nis
334 3523 371 3582 et
392 3496 547 3584 adionis
570 3528 619 3583 ne
640 3524 833 3615 praecepta
862 3505 1017 3620 quidem
1044 3507 1162 3615 posui.

245 3619 375 3709 Nam,
397 3634 559 3696 vtfnunc
579 3617 650 3710 est,
671 3617 882 3704 oratoribus
901 3617 1050 3706 aldione
1064 3617 1162 3703 nulla'

254 3752 468 3835 opusfnec
489 3733 530 3811 in
553 3730 628 3813 istis
643 3738 771 3839 paucis
786 3752 824 3816 et
837 3731 970 3817 sedatis
986 3731 1162 3844 gestibus,
1206 3784 1209 3789 ·

252 3868 351 3952 puos
362 3837 480 3926 hodie
492 3848 684 3932 orationes
692 3836 979 3949 deiiduennila
992 3850 1163 3956 enque

605 3986 609 4015 ·-
672 3980 675 3988 ⁴
1060 3981 1168 4045 tete-
