2709 4434
397 362 606 456 cap.V111.
653 358 712 433 Dr
727 356 918 457 Afflffibas.
1073 382 1125 457 49

218 550 365 637 ssoteles,
403 574 480 622 cum
505 550 596 623 nobis
619 546 771 621 colledlas
791 546 960 649 reliquere.
1008 548 1126 653 Neque

217 661 311 728 enim
332 653 378 727 est
400 650 534 726 cuiusuis
557 651 762 751 diligentiae,
787 650 861 723 talia
883 648 1071 742 obseruare,
1092 676 1127 727 et

219 785 349 861 prope,
371 785 449 859 quae
465 763 607 831 maxime
621 754 724 859 polita
741 751 813 827 sunt
833 761 868 827 in
891 752 947 829 vsu
970 762 1052 829 vitae
1068 760 1125 829 hu·

224 888 360 950 manae,
384 888 419 934 ea
434 859 588 966 plerisque
603 866 758 951 omnium
778 865 918 932 minime
931 865 967 931 in
979 878 1130 961 tempore

228 986 402 1039 occurrunt.
452 973 565 1069 itaque
582 963 786 1051 Aristoteles,
810 960 869 1037 etl‘r
883 972 917 1035 in
930 966 1054 1037 Ethicis
1068 963 1131 1037 late

227 1069 266 1141 de
278 1066 438 1144 affedlibus
454 1090 576 1170 egerat,
596 1090 708 1143 tamen
721 1094 791 1145 non
802 1068 985 1142 rninuslate
1001 1073 1035 1139 in
1042 1070 1131 1141 Rhe·

221 1180 324 1247 toricis
344 1178 383 1247 L.
400 1181 443 1247 11.
466 1194 538 1247 toto
561 1173 621 1245 illo
643 1197 757 1256 aureo,
781 1169 888 1245 iudice
911 1170 1050 1256 Vollio,
1074 1166 1131 1243 sed

217 1280 280 1351 alio
296 1276 405 1350 modo
421 1275 576 1349 tradidit:
598 1272 686 1375 quod
700 1270 830 1377 quisque
843 1272 1067 1379 comparando
1079 1270 1129 1347 fa·

219 1383 280 1452 cile
297 1380 472 1477 intelliget.
492 1374 537 1453 cf.
553 1381 672 1459 Cicero
687 1384 745 1457 Or,
758 1384 795 1461 l,
821 1402 877 1468 51.

279 1507 344 1572 91·
371 1484 535 1553 (l‘redetior
563 1474 634 1551 sunt
657 1475 723 1549 fere
744 1476 893 1565 affellus,
925 1482 1036 1581 quibua
1058 1506 1129 1555 ora·

228 1606 282 1656 tor
296 1588 417 1654 vritur:
441 1601 489 1654 rot
509 1586 598 1655 enim
613 1587 759 1655 maxime
772 1581 878 1654 valent
891 1579 931 1655 ad
943 1580 1128 1683 persuaden-

221 1687 306 1759 dum
327 1691 362 1757 in
381 1708 551 1787 vtrarnque
570 1707 717 1786 partem:
739 1686 864 1772 Anror,
886 1692 1016 1775 lenitur,
1042 1688 1128 1788 nij'c·

218 1798 379 1876 ricordia,
413 1798 549 1891 gratia,
580 1794 707 1885 podo,
738 1795 979 1877 innormadim
998 1790 1079 1888 spes
1091 1797 1128 1889 ſs

216 1897 417 1992 confidentia,
440 1902 501 1984 iro,
527 1900 642 1981 odium,
659 1896 855 1995 indignatio,
869 1899 1004 1982 inuidiai,
1024 1923 1129 1970 ntoru-

214 2008 317 2085 latio,
337 2014 463 2073 metus:
489 1996 661 2099 dequibus
676 1996 811 2098 lingulis
825 1993 1014 2099 separatim,
1042 2022 1074 2071 er
1089 1997 1130 2072 ad

218 2101 351 2175 dicendi
367 2100 557 2177 facultatem
581 2100 832 2178 accommodate
851 2128 1015 2202 exponere
1036 2122 1131 2202 atque

221 2211 421 2307 praecipere,
443 2232 512 2279 non
535 2203 580 2279 ell
602 2207 763 2279 breuitatis
783 2203 928 2285 nossrae:
958 2226 992 2278 et
1008 2204 1132 2279 indica·

222 2318 328 2382 vimus
340 2308 480 2400 fontem,
502 2308 590 2383 vnde
605 2315 670 2410 peti
681 2309 736 2383 vel
751 2338 770 2381 a
786 2306 946 2391 lludiolis,
966 2309 1017 2381 vel
1031 2340 1049 2382 a
1063 2338 1130 2383 ma·

223 2413 327 2511 gistris
340 2412 482 2514 pollint2'
501 2411 579 2486 addi
592 2418 720 2517 poterit,
741 2419 799 2515 qui
813 2439 855 2486 ex
867 2413 1039 2487 Aristotele
1053 2419 1130 2485 lrau-

225 2517 286 2601 iit,
308 2517 439 2591 Voffius
456 2522 491 2588 in
504 2520 642 2592 Comnr.
663 2520 863 2604 Rhetoricis,
896 2519 1051 2618 capitibus
1071 2539 1130 2590 tre·

226 2618 332 2691 decim
344 2623 507 2723 prioribus
525 2621 599 2694 libri
611 2616 767 2708 secundi,
791 2640 826 2695 vt
846 2621 925 2694 alios
950 2627 1128 2695 mittamus.

221 2725 327 2798 Nobis
346 2722 529 2812 suffecerit,
552 2730 717 2825 primurn,
739 2751 811 2799 rem
827 2750 964 2801 omnem
986 2721 1131 2798 uniuerse

218 2829 394 2928 explicare,
415 2851 451 2903 vt
464 2827 626 2903 moduset
640 2836 692 2903 via
703 2849 866 2930 appareat,
892 2826 1011 2903 deinde
1025 2856 1129 2903 vnutrr

217 2953 250 3005 et
265 2936 347 3004 item
362 2935 499 3009 altemm
518 2934 707 3035 exemplum
722 2930 892 3020 subiicere,
915 2931 955 3004 ad
969 2939 1061 3005 cuius
1082 2962 1128 3006 ra·

217 3044 347 3110 tionem
369 3059 472 3111 cetera
493 3038 628 3138 intelligi
642 3034 781 3139 p'olsunt.
841 3041 919 3109 Huc
939 3054 1050 3108 autem
1073 3064 1129 3111 ne·

179 3138 184 3157 '
218 3135 390 3214 cellarium
405 3143 499 3216 nobis
522 3141 657 3219 videtur.
715 3146 831 3244 Neque
853 3145 939 3211 enirn
961 3137 1128 3241 pollutnus

216 3247 359 3344 probare
381 3272 455 3334 eos,
485 3252 542 3347 qui
555 3246 661 3321 totuin
675 3248 742 3319 hoc
764 3262 860 3343 eaput
880 3263 994 3344 putant
1016 3270 1033 3316 e
1053 3249 1127 3319 Phi·

217 3344 387 3448 losophi23
432 3370 591 3452 quantum
629 3369 789 3452 quantum
825 3345 880 3433 sn,
930 3352 1127 3447 petendum:

218 3451 309 3555 quod
334 3480 403 3527 non
428 3460 470 3526 ita
492 3450 555 3527 effe
579 3461 697 3542 exiis,
742 3474 825 3555 quae
846 3470 919 3525 ante
940 3447 1129 3542 dictasunt,

218 3557 356 3658 intelligi
376 3560 524 3634 arbitror.

275 3688 334 3754 92·
360 3666 402 3735 Et
426 3663 591 3760 rorrsantm
615 3652 749 3758 quidem
772 3660 960 3756 cognitione
982 3678 1051 3726 non
1071 3653 1126 3726 ad·

219 3762 366 3839 modum
386 3762 496 3840 differt
510 3758 738 3865 aPhilosopho
757 3766 900 3844 Rhetor,
925 3750 1070 3854 adeoque
1086 3756 1127 3824 ab

274 3876 384 3959 amru
405 3878 501 3954 trata.
749 3871 834 3971 qu)
1059 3852 1129 3935 lto,
