2709 4434
576 332 770 436 Praefatio.
1076 362 1094 425 ι
1099 358 1127 453 3

214 576 299 660 quo
313 560 572 651 comparatum
588 536 643 635 fit,
668 532 761 649 quid
775 530 900 645 profit,
928 554 966 619 et
982 534 1127 651 quoad:

217 668 405 748 Minimum
422 658 488 761 effe,
502 658 541 735 de
552 670 626 735 aete
637 658 739 756 loqui,
760 670 799 733 vt
814 654 955 735 Cicero
967 676 1056 735 vere
1070 651 1128 739 dl·

220 777 293 866 xit,
315 778 390 851 lnu.
411 768 438 871 l,
461 774 497 846 6.
512 768 617 847 multo
642 772 824 847 maximam
848 794 894 847 ex
912 782 986 847 aru
1006 771 1128 848 urere.-

223 884 461 967 Rheroricam
477 874 571 959 nihil
588 872 814 976 haberemur
827 874 1128 960 obseruationem

224 995 408 1108 quandam
424 1018 557 1074 earum
573 1015 711 1086 rerum,
727 1014 823 1100 quae
836 988 1050 1073 indicendo
1063 1014 1127 1071 va·

220 1111 333 1206 leant,
360 1139 442 1214 perae
452 1118 486 1220 st
507 1110 684 1207 eloquentes
695 1106 810 1207 secere
823 1107 951 1209 paffet,
972 1109 1129 1211 quiseffel

217 1256 286 1306 non
300 1228 461 1329 eloquens,
477 1238 517 1298 vr
533 1216 632 1297 idem
646 1218 707 1310 ait,
722 1215 771 1295 de
786 1220 891 1299 Orat.
903 1222 947 1309 11,
966 1246 1027 1315 57.
1039 1227 1127 1301 Ete-

220 1341 320 1429 nim,
348 1353 390 1413 vt
403 1331 469 1411 vsu
484 1328 608 1425 didici,
632 1326 901 1424 adolescentes,
930 1316 1056 1440 quoad
1076 1330 1127 1415 dn

226 1448 439 1555 praeceptis
459 1447 595 1548 agitur,
630 1463 668 1524 et
692 1440 880 1524 audiendo
902 1470 960 1523 res
983 1442 1129 1551 tranfigi

224 1559 372 1669 potest,
400 1555 535 1638 alacres
553 1555 636 1638 sunt
652 1555 859 1665 cupideque
877 1552 1130 1665 eloquentiae:

222 1672 289 1755 vbi
313 1698 373 1754 res
395 1668 443 1752 ab
464 1668 615 1753 auribus
636 1668 684 1751 ad
698 1696 875 1764 manum,
896 1666 1061 1766 hocell,
1081 1670 1132 1755 ad

221 1784 508 1869 commentandi
533 1780 724 1876 laborem,
752 1787 908 1879 venerit,
932 1778 1016 1866 tum
1028 1786 1131 1870 mihi

221 1902 321 1982 frunt
343 1897 437 1980 tardi
458 1920 496 1979 et
519 1897 669 2003 segnes:
705 1894 801 1994 saue,
837 1894 943 2007 quod
962 1896 1134 2010 plerique

222 2038 361 2098 omnes
373 2007 523 2117 fugiunt
539 2015 791 2095 contentionis
806 2031 844 2093 et
858 2008 995 2095 laboris
1010 2012 1134 2099 mole·

225 2129 351 2211 stiam:
376 2123 469 2222 fiue,
498 2122 603 2237 quod
621 2123 719 2207 hanc
740 2121 967 2208 imbiberunt
980 2132 1134 2236 opinio-

225 2268 329 2334 nem,
357 2238 488 2323 vtsatis
510 2239 557 2320 ad
570 2236 668 2321 bene
681 2238 887 2323 dicendum
900 2262 1033 2349 putent
1047 2242 1135 2345 elle,

223 2353 252 2439 fi
275 2375 474 2463 praecepta
494 2352 643 2435 dicendi
670 2357 811 2434 norint:
841 2354 947 2465 quod
963 2358 1015 2436 est
1031 2380 1052 2436 a
1066 2384 1133 2441 ue·

228 2496 275 2548 ro
288 2466 561 2551 alienifflmum.
582 2460 587 2471 ’
618 2468 711 2547 Tria
726 2494 760 2555 v.
774 2490 805 2548 c.
819 2467 913 2569 sunt,
929 2465 1080 2579 quibus,
1093 2476 1135 2555 in

231 2577 376 2683 fingulis
391 2576 506 2663 caules
521 2605 565 2660 ac
578 2576 703 2686 rebus,
716 2579 763 2661 ad
776 2580 981 2665 dicendum
989 2608 1133 2693 propo-

226 2692 311 2789 fitis,
335 2692 381 2777 ad
397 2692 670 2776 inueniendum
683 2720 779 2805 opus
792 2700 863 2779 ell:
888 2702 1045 2801 ingenio
1058 2705 1136 2808 pri.

223 2814 348 2903 mum,
366 2807 472 2919 quod
488 2805 593 2910 valet,
609 2830 648 2892 vt
662 2813 701 2891 in
716 2808 895 2893 omnibus
911 2807 1036 2909 rebus,
1050 2813 1134 2923 plu-

223 2929 385 3004 rimum:
403 2920 539 3003 deinde
553 2919 754 3028 diligentia,
762 2923 907 3033 qruese
922 2930 1069 3033 penitus
1077 2936 1136 3013 in·

223 3034 344 3119 smuet
359 3041 396 3116 in
412 3035 569 3135 causam,
581 3050 743 3147 eiusque
760 3060 895 3116 omnes
912 3058 1035 3143 partes
1047 3068 1135 3151 per·

224 3151 367 3257 spiciat,
375 3168 510 3231 omnes
525 3160 837 3261 argumentorum
846 3146 952 3233 locos
959 3154 997 3235 i'n
1004 3178 1137 3261 prom·

225 3284 268 3344 tu
282 3258 432 3356 habeat,
450 3266 487 3343 in
501 3289 644 3373 eosque
658 3258 700 3343 fit
713 3266 851 3344 intentu
865 3272 1040 3373 maxime.
1075 3276 1137 3350 ln·

229 3398 285 3457 ter
298 3375 393 3459 haee
408 3374 486 3461 duo
502 3372 760 3483 perpaululum
776 3374 871 3470 loci,
895 3379 1018 3461 iudice
1034 3378 1136 3492 apud

231 3492 461 3577 Ciceronem
477 3491 661 3589 Antonio,
676 3487 863 3601 reliquum
876 3494 929 3575 est
941 3496 1024 3589 arti,
1038 3520 1138 3606 quae

230 3601 321 3684 nihil
339 3599 405 3684 nifi
422 3602 661 3698 demonstrat,
682 3602 744 3687 vbi
759 3629 926 3712 quaeraS,
946 3624 1058 3715 atque
1071 3604 1137 3692 vbi

230 3715 271 3799 fit
291 3714 397 3810 illud,
413 3714 517 3824 quod
532 3721 655 3823 cupias
673 3720 857 3799 inuenire.
903 3718 991 3819 Age
1007 3746 1138 3824 porro,

232 3834 273 3913 in
293 3847 453 3940 promtu
472 3825 535 3929 fir,
560 3826 838 3919 exeuffisloerr
850 3830 943 3909 urus
954 3828 1188 4019 ‹³an

195 4012 197 4017 .
628 3956 630 3963 ·
1038 3962 1141 4045 wp
