2709 4434
227 346 275 415 44
331 319 504 416 cantur.
544 320 598 395 Dr
613 321 708 397 tacu
722 319 860 397 Generis
875 321 1063 403 Iudicialir.
1099 348 1135 383 -·

226 514 371 599 rebatur,
393 540 434 585 an
451 508 643 585 interfecerit
656 529 781 610 patrem
799 506 955 587 Roscius:
982 519 1018 588 in
1032 517 1130 593 Milo·

225 644 333 702 mana,
351 621 461 689 iurene
468 612 629 689 Clodium
644 613 850 701 interfecerit,
865 644 908 689 an
926 621 1066 695 iniuriae
1090 628 1132 697 in·

226 718 354 796 terdum
376 718 418 794 de
439 718 567 793 duobus
588 718 724 792 dubitari
742 748 780 793 ac
799 716 950 820 disputari
969 725 1004 796 iu
1019 725 1133 801 eadem

226 820 317 899 causa
330 822 455 925 potest:
473 850 671 925 quamquam
687 822 721 896 id
738 829 837 897 rarius
848 821 986 897 accidit·

283 955 343 1020 79.
368 936 418 1016 lle
432 921 540 1001 fecisse
554 926 687 1027 quidem
702 927 843 1030 aliquem
852 925 946 1027 quid,
959 928 1134 1030 quomodo

224 1029 482 1115 demonstretur,
507 1028 631 1103 diclutn
646 1037 682 1104 in
696 1029 773 1103 loco
787 1029 828 1103 de
840 1029 991 1131 poffibili.
1047 1040 1133 1109 Cum

224 1156 334 1209 autem
348 1134 390 1209 de
404 1126 493 1209 facio
507 1130 578 1208 satis
590 1134 732 1222 constat3
758 1139 896 1234 quidſst‚
920 1133 1086 1239 sequitur,
1104 1146 1134 1213 it

224 1236 404 1315 videamus.
456 1245 496 1313 ln
508 1265 574 1340 quo
589 1245 751 1340 quaeritur
769 1236 809 1312 de
822 1244 1054 1338 aluminosum,
1071 1242 1133 1317 fiue

225 1340 268 1417 ad
293 1341 381 1444 quod
406 1369 511 1444 genus
534 1339 649 1416 debeat
668 1339 791 1418 referri.
841 1344 944 1445 Qale
966 1344 1031 1432 est,
1058 1375 1134 1421 cum

224 1451 386 1550 quaeritur
407 1445 494 1550 apud
520 1452 717 1523 Ciceronem
737 1473 797 1547 pto
818 1450 979 1535 Caecina,
1013 1478 1058 1525 an
1090 1458 1133 1525 v'u

223 1548 418 1653 appellanda
442 1552 498 1639 stt,
523 1582 599 1626 curn
621 1554 806 1651 prohibitus
818 1548 857 1625 fit
875 1555 1021 1627 Caecina
1034 1576 1132 1629 terro·

224 1683 277 1744 re,
301 1683 367 1756 quo
391 1663 499 1730 minus
521 1654 663 1729 fundum
677 1651 771 1728 suum
785 1654 1030 1754 ingredereturs
1049 1664 1126 1733 item

223 1765 260 1833 in
274 1760 454 1858 Philippica
470 1766 514 1831 ll.
537 1789 579 1832 an
601 1756 714 1831 caedes
738 1754 880 1832 Caesaris
896 1758 1059 1859 parricidii
1071 1786 1130 1833 uo·

223 1866 314 1935 mine
334 1860 543 1960 appellauda:
567 1887 628 1961 pto
649 1856 793 1934 Murena
813 1860 968 1963 deniqne,
1001 1892 1046 1939 an
1067 1893 1131 1939 am·

224 1967 308 2039 bitus
325 1962 418 2038 cadat
430 1969 463 2037 in
480 1992 535 2053 ea,
562 1991 642 2064 quae
663 1969 804 2044 Murena
827 1963 959 2040 fecillet.
1013 1977 1053 2044 ln
1074 1976 1131 2061 hac

220 2069 408 2170 quaestione
422 2073 566 2168 primum
581 2066 730 2143 definitio
744 2076 889 2145 nominis
904 2072 1130 2172 proponenda.

220 2177 483 2352 {lillis
506 2167 1132 2357 llstlllllillllsslsslllcll‘·

1085 2311 1131 2357 m·

220 2379 398 2463 enodanda.
423 2411 454 2455 v.
476 2305 593 2463 Cleero
614 2408 676 2481 pro
699 2385 832 2456 Caecin.
856 2413 884 2460 c.
908 2409 962 2475 15.
986 2391 1044 2458 16.
1069 2392 1132 2461 Eo·

174 2502 177 2508 '
221 2484 361 2588 demque
384 2484 453 2561 fere
473 2485 579 2561 modo
599 2481 771 2560 aduersarii
786 2483 933 2561 definitio
950 2483 1130 2563 refelletur.

268 2611 334 2688 Ι80.
347 2588 412 2665 sed
427 2597 571 2665 maxime
585 2596 695 2692 quaeri
710 2586 800 2677 solet,
814 2598 903 2690 quale
916 2587 1132 2681 faciurmhae.

220 2697 439 2797 itstmufla
451 2722 494 2769 au
508 2695 674 2790 iniustum:
696 2697 760 2768 hoc
777 2692 965 2769 accusatoris
979 2696 1036 2785 est,
1045 2694 1132 2772 illud

220 2796 407 2879 defensoris.
480 2803 574 2900 Qae
599 2825 672 2898 pars
698 2817 732 2869 vt
756 2802 842 2872 teile
868 2802 994 2890 traslari
1021 2799 1133 2901 possit,

220 2900 401 2977 videndum
417 2901 480 2988 est,
505 2908 587 2977 unde
608 2925 800 3000 argumenta
820 2909 855 2979 iu
874 2924 1043 3007 vtrautque
1056 2932 1131 3008 par·

220 3026 288 3081 tem
304 3006 477 3102 ducantur,
499 3028 531 3081 et
544 3014 707 3105 quomodo.
979 3098 981 3102 ι
1050 3042 1053 3048 ·

274 3127 335 3195 81.
355 3114 476 3205 Itcstmn
499 3116 597 3214 igitur
614 3109 682 3196 eil,
713 3105 869 3215 quicquid
894 3107 939 3181 est
959 3100 1129 3185 cousenta-

220 3239 320 3290 neum
343 3213 480 3315 legibus,
502 3216 617 3317 quibus
635 3211 781 3294 felicitati
804 3241 881 3287 cum
902 3216 1045 3313 priuatae
1065 3210 1131 3288 sm.

219 3317 395 3418 gulosum,
419 3338 492 3391 tum
511 3320 660 3419 publicae
679 3314 902 3395 uniuersorum
916 3336 1051 3390 cautum
1064 3316 1130 3391 este

220 3448 302 3524 quae
318 3438 428 3495 contra
443 3423 538 3509 fiunt,
559 3424 686 3524 iniusta
740 3426 846 3521 Lrgts
868 3446 969 3521 porro
989 3415 1061 3495 lunt
1074 3418 1129 3495 vel

219 3524 378 3601 naturales
408 3546 441 3599 et
470 3522 619 3612 diuinae,
655 3524 706 3599 vel
740 3531 902 3601 humanae
926 3546 966 3599 et
998 3524 1128 3599 ciuiles:
1159 3600 1164 3607 ,

217 3625 353 3731 scriptae
366 3636 444 3703 item
461 3629 558 3716 uliae,
576 3630 658 3717 aliae
672 3657 742 3705 non
757 3625 908 3729 scriptae:
939 3656 1060 3731 eaeque
1074 3629 1128 3703 vel

219 3731 262 3814 ad
281 3729 447 3809 uniuersos
466 3738 644 3836 pertinent,
670 3730 913 3826 veludunum,
930 3753 1127 3807 auteertum

1010 3862 1125 3936 genus.
