2709 4434
373 371 456 471 Cap.
478 374 528 448 Π.
555 300 635 447 lte
657 373 887 453 Orationibus·
1008 399 1079 469 ιη

161 558 267 647 filius,
280 555 462 659 edmonere
475 579 632 663 parentet,
648 580 684 633 vt
697 586 774 633 eum
789 554 835 633 sui
849 567 994 637 maxime
1006 570 1080 639 imi·

161 670 293 739 tatione
307 660 469 739 erudiant.
500 665 625 737 Licebit
646 668 744 737 etiam
766 663 884 766 alloqui
903 662 1008 767 ipsum
1029 674 1078 747 in.

159 766 315 867 fantem,
342 774 371 841 ei
385 766 536 867 gratulari
550 786 713 867 parentes,
736 794 911 871 paremque
925 796 999 843 cunr
1016 779 1077 844 vir-

160 877 318 973 tutepari
335 867 521 946 felicitatem
537 890 660 971 optare,
683 870 914 945 commendare
928 899 1006 951 eum
1021 872 1075 948 de·

159 982 262 1080 nique
277 981 401 1049 ciuium
416 975 542 1061 studiis,
566 981 692 1063 amori,
714 978 878 1074 precibus,
901 997 963 1053 etc.

176 1134 183 1149 .
220 1104 309 1171 apr.
331 1079 486 1155 Natalem
507 1099 615 1156 autem
637 1075 662 1151 fi
684 1080 934 1178 gratulabimur,
963 1075 1076 1155 viden·

163 1182 250 1259 dum
268 1189 329 1256 etit
344 1202 419 1256 ante
434 1188 558 1268 omnia,
581 1204 689 1258 vtrum
699 1190 842 1281 primum
858 1182 892 1257 id
907 1180 1076 1271 faciamus,

165 1316 209 1361 an
224 1293 297 1361 i'am·
308 1281 486 1361 anteidem
499 1283 682 1360 fecerimus.
736 1290 769 1359 Si
785 1296 927 1391 primum
936 1287 1075 1388 gratula-

164 1393 296 1475 bimur,
310 1390 440 1463 liberior
449 1395 510 1462 erit
523 1395 626 1465 oratio
641 1410 672 1461 et
690 1392 832 1489 amplior
848 1398 990 1475 materia.
1016 1397 1074 1463 Et·

165 1498 287 1578 enim,
318 1520 391 1565 cum
403 1499 509 1595 prima
523 1495 591 1565 talis
614 1499 767 1569 orationis
788 1523 859 1593 pars
879 1492 1018 1567 versetur
1037 1500 1074 1567 in

167 1594 281 1669 'caufis
293 1595 421 1671 laetitiae
434 1624 475 1670 ex
492 1597 730 1683 incolumitate,
759 1623 791 1669 et
809 1594 960 1670 felicitate
983 1602 1073 1669 Prin·

166 1705 273 1801 cipis3
301 1696 556 1781 demonstrandis
573 1697 812 1801 augendisqoe3
846 1699 887 1775 ad
910 1696 1071 1773 vniuersas

161 1798 283 1879 laudes
294 1811 437 1892 urrann
466 1827 498 1877 et
514 1810 590 1878 hinc
605 1802 759 1903 digressio
775 1802 908 1884 subinde
921 1806 993 1879 fieri
1013 1829 1073 1904 po·

162 1904 226 1983 te'sl
238 1905 282 1981 ad
295 1907 389 1980 locos
403 1936 615 1996 communes,
648 1917 702 2010 qui
714 1910 755 1984 ad
769 1911 835 1983 illas
849 1906 962 1989 landes
977 1913 1072 2010 pe'rti-

163 2032 275 2099 nunt,
300 2017 344 2083 lta
359 2033 393 2084 vt
407 2013 485 2086 iulla
499 2033 531 2086 et
566 2014 637 2086 lena
654 2015 800 2088 laudatio
811 2014 859 2105 fit.
884 2012 988 2087 si-ista
1004 2019 1072 2088 iam

168 2112 450 2190 altis-orationibus
472 2041 639 2190 conslrmta
660 2117 738 2204 lint,
764 2116 965 2204 videndum,
991 2113 1070 2219 quid

172 2242 256 2293 auno
267 2225 422 2319 proxime
436 2219 543 2322 elapso
564 2217 677 2295 fecerit
694 2251 770 2295 curn
786 2221 882 2297 salute
897 2242 953 2296 aut
966 2222 1070 2321 gloria

164 2326 287 2423 patriae
312 2318 452 2424 suaque,
498 2325 578 2427 quid
607 2327 747 2398 vtilitatis
773 2329 825 2399 vel
854 2326 992 2398 attulerit
1014 2325 1069 2397 vel

163 2421 428 2513 musmonem,
449 2436 500 2501 cui
516 2428 604 2502 malo
617 2433 807 2514 occurrerit,
840 2454 921 2531 quae
940 2432 1067 2498 incom-

162 2528 267 2605 moda
283 2527 412 2604 fortiter
427 2535 592 2632 pertulerit
606 2556 659 2606 ant
677 2529 858 2630 depulerit:
885 2550 978 2632 atque
991 2533 1068 2635 hinc

160 2630 319 2707 laudandi
335 2642 467 2710 materia
481 2634 647 2725 sumenda,
669 2641 778 2723 etiam,
792 2633 830 2711 st
841 2635 985 2738 quaeslio
998 2640 1068 2707 vni·

162 2733 251 2811 versa
267 2736 482 2826 desideretur,
507 2747 605 2814 totius
616 2747 770 2815 orationis
786 2746 929 2814 materia.
946 2743 1068 2835 'Atque

164 2846 273 2927 etiam,
298 2864 335 2913 vt
351 2839 475 2946 semper
486 2854 618 2918 materia
632 2845 786 2920 laudandi
802 2862 890 2918 noua
903 2848 936 2916 in
953 2867 1065 2943 prom·

163 2944 199 3017 t'u
211 2943 263 3029 fit,
283 2942 468 3035 fisciannrs,
489 2947 614 3050 saepius
629 2947 805 3024 dicendum
821 2946 912 3036 fore3
938 2965 1067 3045 oporteq

162 3048 355 3123 bitbonum
376 3059 528 3126 materiae
543 3051 582 3126 ad
603 3053 736 3130 laudern
755 3052 892 3128 idoneae
908 3044 1067 3150 dispensa·

162 3170 269 3226 torem
284 3151 359 3242 else,
379 3184 440 3229 nec
454 3163 566 3231 onmia
576 3155 671 3233 fimus
686 3154 891 3258 profundere.
917 3159 986 3228 Has
999 3152 1066 3228 lau·

161 3252 218 3331 det
236 3254 356 3332 deinde
377 3256 582 3335 conferemus
600 3260 639 3334 ad
661 3263 799 3336 laetitiae
819 3256 1066 3341 demonstratio·

159 3384 240 3433 nem
253 3380 286 3437 et
300 3372 603 3465 exaggerationem,
615 3420 620 3432 .
634 3387 668 3437 vt
681 3371 714 3436 in
729 3365 796 3439 aliis
814 3362 994 3464 gratulandi
1010 3386 1065 3462 ge·

159 3466 312 3561 neribus,
337 3466 476 3569 denique
489 3468 531 3542 ad
545 3489 621 3542 vota
638 3489 670 3541 et
691 3494 800 3568 preces
813 3495 874 3570 pro
896 3467 1069 3542 incolumi·

157 3586 244 3643 tate:
262 3575 299 3642 in
315 3598 381 3671 quo
397 3594 545 3674 tempora
568 3569 660 3671 saepe
682 3577 957 3673 opportunitatem
977 3593 1066 3668 prae·

156 3672 297 3747 bebunt.¹
319 3677 420 3764 Nam,
441 3676 466 3752 sr
486 3676 563 3778 quid
581 3682 694 3775 magni
710 3697 741 3751 et
756 3684 861 3779 grauis
875 3674 1013 3760 consilii,
1031 3688 1063 3741 et
1129 3766 1134 3775 Ι

156 3783 298 3879 negotii,
317 3782 432 3855 habear
444 3787 479 3857 in
497 3781 665 3876 manibua3
690 3781 797 3857 licebit
816 3780 990 3882 complodi
1006 3798 1063 3845 vo·

192 3884 219 3951 .’
1010 3879 1052 3945 o‘t
