2709 4434
208 360 210 364 ι
263 400 308 471 54
391 308 430 387 ὀ
453 374 545 470 Cap.
572 378 673 453 VIII.
721 335 780 451 Dr
806 372 998 468 Affrffibus.

157 627 162 632 .
212 589 215 598 ·
261 561 358 638 Adeo
378 550 492 638 derum
518 562 582 648 est,
613 559 703 662 quod
730 562 777 635 est
805 558 892 662 apud
917 556 1173 662 Qintilianurir,

262 671 370 764 petius
383 671 422 761 nli
435 725 442 736 .
471 676 555 767 quod
570 667 705 743 disertos
711 668 808 762 facit.

307 794 403 855 ¹103·
423 769 522 870 Qud
538 768 562 842 fi
580 763 712 842 affetius
727 761 937 842 concitandus
948 772 1019 852 erit,
1032 772 1089 868 qui
1103 793 1175 840 rna·

263 881 354 948 xime
392 895 562 947 moueatur
596 871 844 948 verosimillima
882 867 1176 972 repraesentatione

264 973 449 1061 sationum,
487 973 733 1079 didorumque:
767 976 884 1049 valebit
910 979 1069 1071 multum,
1106 981 1174 1074 pri·

265 1109 359 1154 mum
380 1079 559 1154 obseruatio
584 1079 721 1181 diligens
742 1084 934 1165 hominum,
953 1079 1061 1179 aliq'uo
1077 1078 1187 1153 motu.

264 1190 364 1257 animi
383 1180 632 1270 conchatorum,
651 1177 750 1279 vnde,
768 1181 865 1362 quid,
889 1204 922 1256 et
935 1180 1108 1284 quomodo
1124 1184 1175 1258 lo·

265 1308 412 1388 quantur,
432 1307 543 1388 agant,
560 1284 740 1363 discamus:
791 1287 887 1365 einde
907 1291 955 1359 vit
968 1282 1078 1358 viuide
1092 1314 1188 1358 con··

204 1426 212 1444 ·
267 1390 407 1491 cipiendi
422 1386 579 1496 imagines
601 1414 722 1478 rerum,
745 1394 982 1492 hominumque
1002 1396 1174 1478 iratorum,

288 1503 479 1582 uereutium,
499 1498 615 1571 laetitia
628 1493 834 1598 gestientium
848 1519 907 1570 etc.
929 1521 1099 1594 perquam
1118 1497 1190 1593 aby

265 1522 363 1672 denna
390 1601 478 1673 velut
505 1627 617 1674 coram
640 1607 835 1675 intueamur.
894 1603 983 1672 Nem
1009 1601 1062 1668 vbi
1090 1604 1174 1671 haec

266 1723 370 1790 erunt,
390 1702 459 1776 non
473 1702 605 1781 difficile
620 1711 679 1776 erit
698 1705 774 1777 tales
789 1700 922 1776 affediuu
936 1706 1063 1777 imitari
1102 1701 1174 1774 Sed

206 1818 210 1829 “
267 1826 376 1877 tamen
397 1826 428 1877 et
449 1811 530 1878 haec
549 1811 712 1891 'imitati0‚
738 1804 915 1880 indicente
929 1803 1060 1906 quidem
1077 1814 1173 1891 (nam

267 1908 302 1982 in
316 1904 470 1980 seribente
484 1905 570 1982 forte
586 1905 762 1998 suffecerit)
780 1905 1000 2008 frigidiuscula
1019 1914 1090 1992 erit,
1110 1908 1174 1982 nist

267 2031 379 2085 natura
392 2005 431 2083 fit
447 2012 534 2097 talio,
560 2015 687 2115 qualem
706 2032 781 2087 ante
802 2007 1022 2113 descripsimus
1038 2015 1069 2108 p
1088 2038 1171 2090 roa.

267 2120 372 2215 Atque
393 2121 490 2188 etiam
513 2138 616 2191 certus
637 2115 771 2220 quidam
786 2123 875 2192 vocis
888 2114 983 2192 sonus
1000 2118 1173 2215 requiritur

268 2224 303 2289 in
324 2219 377 2290 tali
400 2225 564 2293 orationez
593 2226 647 2327 qui
661 2218 720 2294 nifi
735 2228 826 2294 etita
843 2240 973 2306 nature,
989 2216 1103 2293 frustra
1120 2247 1173 2298 ce·

268 2341 334 2394 tera
355 2328 559 2422 contigerint.
622 2331 728 2427 Atque
749 2332 827 2400 haec
848 2322 983 2424 quidem
1005 2324 1173 2401 hocloco

268 2423 309 2497 de
330 2422 496 2501 affee‘iibus
530 2427 779 2505 commonendis
809 2429 894 2504 dieta
920 2426 1024 2502 sunto.
1077 2427 1174 2519 Quae

187 2527 196 2538 “
266 2551 427 2630 praeterea
454 2537 530 2606 huic
561 2540 607 2606 rei
636 2530 794 2618 seruiunt,
825 2531 1057 2632 amplificatim
1086 2531 1174 2629 figu·

264 2660 383 2734 raeque
398 2635 615 2729 madianaei,
638 2636 679 2709 de
700 2644 736 2709 iis
749 2634 805 2709 suo
820 2638 896 2710 loeo
912 2634 1045 2711 dicetur.

326 2764 407 2824 104.
430 2737 493 2811 Sed
515 2743 610 2811 habet
631 2748 730 2813 eriam
751 2746 803 2813 hic
825 2742 915 2813 iocur
930 2747 964 2813 in
977 2736 1100 2812 utendo
1116 2766 1172 2813 ve·

200 2929 203 2933 ,
267 2847 328 2913 rias
348 2847 528 2914 cautionesr
553 2849 712 2940 primum,
733 2864 767 2914 vt
788 2843 864 2916 loc‘o
887 2869 1021 2918 mouere
1034 2839 1174 2916 affediuo

267 2962 385 3029 tentes,
405 2943 667 3044 confideretque,
693 2968 800 3019 vtrum
819 2974 889 3033 res,
914 2946 955 3021 de
971 2974 1035 3051 qua
1051 2953 1172 3045 agitur,

267 3045 424 3146 possulen
463 3055 628 3148 capiatque
654 3070 762 3124 motus
791 3056 999 3136 animorum,
1030 3077 1092 3125 nec
1109 3074 1171 3124 'no

267 3152 354 3222 Nam
374 3155 414 3221 in
440 3178 473 3223 re
499 3159 713 3251 cognitionis,
741 3158 776 3226 in
802 3162 888 3233 tenui
914 3174 1110 3254 argumento
1136 3174 1171 3228 et

266 3249 371 3326 subtili
383 3248 408 3339 ,⁸
418 3281 486 3325 non
501 3254 605 3328 modo
621 3254 733 3330 frustra
748 3259 888 3347 laboret,
912 3257 967 3333 sed
989 3263 1086 3333 etiam
1101 3261 1169 3330 irri.

269 3355 398 3440 dentur,
423 3363 476 3456 qui
500 3359 666 3446 affetiibus
686 3367 729 3433 vti
753 3382 860 3435 tentet.
920 3363 1027 3439 Altera
1049 3360 1114 3448 est,
1134 3382 1170 3435 vt

268 3489 371 3561 neque
392 3457 495 3533 subito
515 3465 646 3551 allidas,
675 3461 729 3540 sed
754 3464 969 3571 pedetentim,
989 3485 1021 3541 et
1035 3491 1169 3566 praepa»

268 3571 341 3636 ratis
356 3561 489 3640 demum
506 3567 762 3666 argumentando
776 3574 909 3655 animis,
938 3576 1102 3674 impetum
1121 3567 1169 3643 fa.

268 3673 348 3740 cias:
373 3676 540 3742 nonenim
556 3673 677 3760 statim,
703 3693 736 3746 et
751 3698 816 3771 vno
831 3676 973 3772 impetu,
993 3671 1088 3747 facile
1112 3700 1168 3747 ex·

269 3768 437 3857 ardescunt
449 3781 568 3858 numi:
589 3795 694 3887 neque
716 3775 858 3861 celeriter
877 3779 919 3857 ab
935 3775 1074 3863 affeetu,
1094 3803 1167 3870 ora-

1062 3899 1165 3969 domi
