2709 4434
269 369 317 447 62
373 366 517 464 Cap.X.
550 366 608 445 Dr
624 364 724 442 uoto
737 367 1108 493 argumptatraiiaadi

267 555 345 641 stat,
366 575 421 642 vt,
438 568 505 657 quo
520 552 625 631 modo
640 562 770 627 inuenta
784 556 865 627 bene
879 574 1071 653 argumenta
1087 559 1172 633 reete

268 665 461 745 tractentur,
486 658 672 748 videamus3
695 656 784 760 quod
799 664 943 730 maxime
961 656 1173 736 necessarium

268 764 334 847 esi,
380 790 459 837 cunr
486 769 520 835 in
542 791 583 836 eo
613 790 715 862 prope
735 758 860 834 sumnia
883 764 1069 866 eloquentia
1091 765 1175 839 infit.

268 867 306 945 ld
322 888 431 943 autern
443 867 481 942 fit
497 864 624 941 duobue'
640 865 769 953 ruodir5
793 871 960 965 primum,
984 868 1174 943 cumeffici·

267 992 321 1049 tur
335 971 595 1073 rationalique,
627 991 662 1044 vt
676 976 790 1043 veritas
808 978 991 1070 argumenti
1008 973 1107 1073 plane
1121 1002 1189 1075 ap·

267 1098 395 1178 pareat,
428 1072 565 1160 deinde,
594 1095 629 1148 vt
648 1081 696 1147 vis
717 1078 786 1147 eiua
806 1068 965 1147 sentiatur.
1022 1080 1175 1175 Qorunt

268 1179 352 1265 illud
368 1179 645 1275 argumentitione
662 1181 718 1263 fit,
744 1182 810 1249 hoc
822 1173 1014 1250 exornando
1028 1188 1174 1255 maxirn'e

269 1304 301 1357 et
324 1279 570 1383 amplificando,
637 1278 824 1356 Dicendum
844 1286 942 1380 igitur
961 1280 1007 1354 est
1020 1288 1176 1382 primum

269 1385 311 1461 de
327 1392 620 1486 argumentatione,
643 1383 761 1461 deiude
775 1383 817 1457 de
830 1385 1078 1482 aarpiifiratiam.
1101 1436 1104 1441 -
1123 1394 1176 1464 De

267 1488 326 1568 vsu
352 1512 624 1590 argumentorum
645 1485 794 1565 vniuetso
818 1486 943 1563 dicetur
967 1490 1107 1565 in'loeo
1134 1492 1176 1567 de

267 1597 541 1673 confirmatione.

287 1717 292 1725 '
326 1728 408 1774 tao.
435 1703 689 1800 Argamntatie
702 1693 749 1767 eil
761 1701 842 1769 ratio
855 1691 1177 1798 quaedatnadaiieri·

266 1800 338 1879 sum
352 1801 549 1875 eliciendum
567 1820 660 1896 apta:
685 1795 764 1882 saue,
791 1797 837 1883 id,
859 1799 948 1898 quod
966 1798 1108 1879 dubium
1117 1801 1199 1907 eii²¹

264 1920 393 1980 'certuin
408 1900 527 1981 facient
540 1932 580 1977 cx
594 1926 647 1985 eo,
668 1898 758 2001 quod
774 1929 843 1975 nou
855 1900 991 1979 dubium
1004 1903 1078 1977 est..
1098 1912 1175 2008 Qu

268 2018 304 2084 in
319 2010 395 2083 loco
410 2007 581 2107 diligenter
598 1999 701 2080 solent
721 2024 843 2080 veteres
866 2013 1069 2108 praecipere,
1097 2037 1176 2112 quo·

269 2111 374 2188 modo
397 2141 416 2184 a
438 2114 532 2185 rebus
564 2105 771 2211 personisque
796 2110 976 2211 petendum
1009 2118 1173 2187 inuenien-

268 2215 414 2318 dumque
434 2212 499 2304 fit,
521 2238 587 2315 quo
611 2212 823 2288 confirmetur
841 2213 896 2303 id,
925 2214 1015 2319 quod
1035 2214 1178 2292 dubium

268 2346 353 2406 erat,
377 2319 474 2393 veluti
497 2322 617 2392 Cicero
642 2322 766 2395 [nuent.
782 2325 815 2406 1,
842 2344 902 2409 24.
920 2342 952 2394 et
966 2327 999 2393 in
1020 2322 1178 2422 Topicis.

269 2425 402 2528 Qintil
418 2430 462 2511 ν,
490 2450 546 2501 10.
598 2420 662 2497 Sed
675 2422 816 2499 nobieea
831 2430 1015 2525 praeceptio
1029 2419 1186 2505 subtilior.

268 2553 301 2604 et
318 2528 485 2633 operosior
497 2526 636 2612 videtur,
657 2555 758 2627 quam
773 2555 834 2628 pro
848 2555 884 2600 ea
898 2548 1010 2614 aetate,
1035 2534 1088 2601 cui
1104 2525 1194 2605 scri·

268 2636 394 2722 bimus,
415 2653 467 2721 ct,
495 2630 521 2711 st
537 2632 692 2709 cuilubet
709 2627 929 2731 cognoscere,
958 2629 1180 2711 iudicauimus

268 2735 394 2814 fontes:
417 2742 584 2836 inprimis,
608 2763 687 2809 curn
706 2736 859 2837 pleraque
872 2733 934 2811 lint
947 2734 1048 2838 posita
1064 2742 1099 2813 in
1121 2733 1181 2813 vsu

268 2849 353 2915 vitae
371 2845 575 2926 communis,
601 2835 828 2926 etsententiie‚
859 2852 939 2941 quae
964 2841 1132 2939 paullatim
1157 2868 1180 2917 e

269 2946 409 3019 leciione
424 2946 587 3017 bonorum
599 2938 793 3044 scriptorum
800 2948 1002 3018 hauriuntur.

326 3075 408 3122 121.
434 3047 490 3120 Est
504 3052 600 3129 etiarn
618 3045 678 3123 alia
692 3052 775 3121 ratio
785 3047 1059 3123 inueniendorutn
1079 3075 1181 3149 argu·

270 3172 459 3225 mentorum
474 3150 588 3224 tradita
604 3181 621 3223 a
640 3153 853 3239 RhetoribuS,
877 3158 1094 3238 enotatione‚
1120 3152 1180 3227 de·

269 3255 429 3341 finitione,
450 3280 579 3354 genere,
602 3251 718 3355 specie,
734 3261 884 3358 proprio.
909 3250 1102 3344 differentia,
1126 3277 1180 3331 to·

269 3382 323 3447 ro,
347 3379 454 3460 parte,
483 3364 667 3447 contrariis,
690 3355 955 3462 consequentibus
974 3359 1041 3433 liue
1061 3359 1179 3434 adiun-

270 3468 348 3548 ciis,
373 3461 474 3534 caufis
488 3482 520 3534 et
534 3461 672 3551 effefflr,
705 3489 786 3566 quos
812 3465 912 3563 vulgo
931 3465 1026 3538 locos
1047 3472 1178 3565 topicos

268 3578 406 3653 vocant‚
458 3592 526 3640 non
549 3566 698 3669 profeeio
716 3559 907 3641 eveteruni
930 3564 1189 3656 consuetudine*

269 3699 350 3773 quae
364 3673 492 3771 patebat
507 3674 614 3760 latius,
640 3693 674 3746 vt
687 3672 863 3770 eTopicis
884 3676 1052 3746 Ciceronis
1074 3691 1176 3771 patet,

268 3795 300 3848 et
319 3803 419 3856 omne
440 3802 545 3879 genua
569 3768 751 3879 reperiendi
772 3782 956 3877 argumenti
975 3777 1177 3879 complecie-

1063 3883 1178 3957 baturz
