2709 4434
267 321 384 410 30'

229 473 1158 525 '‘m-m·

618 628 731 697 CAP.
759 628 826 700 lV.

491 763 549 850 Du
565 763 706 861 Poffibili
719 777 750 835 ct
765 764 963 859 Impoffibili.·
1070 815 1079 824 -·
1205 767 1208 776 '

696 917 756 986 40.

348 1000 409 1077 lter
424 997 516 1073 locus
532 1006 717 1070 communis
739 999 892 1073 omnibus
914 993 1105 1089 causarum,
1128 997 1206 1080 sed·

368 1107 516 1204 inprimis
534 1100 747 1176 deliberatiuo
766 1124 798 1176 et
818 1102 978 1189 iudiciali,
1005 1089 1187 1206 generilius

271 1210 335 1302 ¹cll,
367 1207 419 1310 qui
446 1204 622 1308 apossibili
647 1224 678 1276 et
698 1205 884 1311 impoffibiti
906 1214 1076 1307 repetitur:
1113 1241 1189 1310 nou
1224 1275 1229 1302 ,

270 1308 513 1411 metaphysico,
538 1315 627 1381 cuius
642 1304 795 1385 subtilitas
818 1311 917 1409 longe
935 1311 1023 1385 abest
1043 1309 1085 1387 ab
1112 1343 1186 1395 ora.

271 1421 349 1489 toris
373 1414 610 1517 popularitate4
641 1409 696 1487 sed
720 1413 858 1488 craffiori
885 1414 964 1501 illo,
996 1415 1087 1517 quod
1110 1445 1184 1494 ora·

270 1527 360 1593 tione
381 1523 534 1603 trattati,
583 1517 685 1596 etad
712 1509 838 1594 sensum
869 1483 1185 1626 intelligentiamque

270 1650 488 1716 communem
504 1620 748 1706 accommodari
764 1620 877 1723 potell.

272 1779 276 1784 -
325 1754 385 1818 41.
410 1731 528 1801 Omnis
548 1715 648 1822 igitur
668 1723 710 1799 de
723 1724 862 1827 poffibili
877 1721 1018 1826 quaellio
1039 1725 1106 1798 huc
1129 1753 1183 1799 re·

272 1827 338 1917 dit,
358 1850 393 1902 vt
409 1854 621 1931 quaeramus,
645 1846 754 1901 utrum
771 1827 824 1918 id,
855 1827 897 1901 de
910 1855 975 1930 quo
990 1822 1185 1930 disputatur,

270 1932 311 2008 su
325 1930 508 2017 eiusmodi,
525 1952 563 2004 vt
577 1929 694 2034 pellit,
716 1933 767 2007 vel
780 1933 923 2033 potuerit
936 1932 1025 2017 fleri,
1048 1940 1113 2006 n'ec
1126 1961 1184 2009 ne.

272 2037 375 2138 idque
394 2035 574 2138 dupliciter.
638 2039 727 2109 Nam
750 2037 801 2109 vel
821 2065 880 2138 per
900 2032 932 2109 se
957 2033 1098 2110 dubitari
1119 2057 1185 2140 po·

271 2141 343 2230 tell,
362 2170 403 2213 an
417 2168 464 2214 res
477 2138 546 2213 fieri
561 2137 670 2237 possit,
687 2141 740 2215 vel
753 2169 795 2216 an
809 2141 861 2214 tali
875 2163 1024 2240 tempore
1037 2169 1077 2214 ac
1091 2142 1184 2232 loco,
1218 2203 1222 2232 .,

271 2251 305 2318 'et
325 2275 344 2332 a
365 2245 479 2318 talibus
497 2239 659 2345 personis„
719 2253 758 2319 In
779 2244 835 2317 illo
854 2248 985 2346 proprie
1006 2252 1184 2347 quaeriturss
1219 2241 1222 2252 ’

270 2347 419 2452 possibile
431 2345 469 2423 fit
484 2346 618 2451 aliquid,
635 2375 697 2421 nec
711 2376 764 2440 ne,
780 2354 815 2420 in
828 2349 903 2435 hoc,
915 2345 1041 2420 latium
1055 2349 1184 2453 aliquid
1220 2353 1229 2416 '.

270 2453 329 2539 iit,
358 2450 565 2554 futurumne,
585 2481 655 2557 ¹nec
674 2481 727 2529 ue.
784 2450 849 2526 Sed
870 2450 950 2525 illud
968 2458 1056 2551 prius
1067 2481 1184 2555 genui

270 2562 351 2656 huic
365 2558 535 2658 posteriori
556 2557 654 2647 inest,
677 2583 748 2641 non
768 2556 926 2658 pollerius
944 2558 1058 2656 prion‘.
1120 2567 1184 2635 Itu
1221 2593 1225 2622 t

164 2655 172 2674 '
271 2680 334 2766 q'ue
351 2660 392 2735 de
407 2687 603 2764 unoquoque
617 2658 786 2761 separatim
800 2660 976 2761 agendum.

274 2765 276 2770 ’
324 2764 682 2864 42.·-.Perstpofflbiliu
693 2784 847 2866 putantur
859 2772 1003 2867 primum
1020 2788 1077 2850 ea,
1098 2787 1186 2866 quo·

271 2892 346 2944 tum
361 2865 471 2944 causae
491 2865 624 2966 intelligi
639 2865 796 2971 ooffunn'
811 2890 867 2943 aut
887 2866 1037 2942 effeetuse
1063 2874 1188 2943 cohae-

270 2992 344 3048 rent
356 2978 443 3045 euim
465 2991 596 3058 natura,
624 3002 729 3075 neque
745 2974 882 3047 alterum
903 2969 966 3045 else
984 2967 1053 3044 fine
1074 2971 1185 3048 altero

270 3076 396 3179 potest:
423 3082 626 3178 omninoque
645 3083 680 3149 in
694 3085 748 3165 iis,
775 3105 856 3181 quae
870 3098 983 3151 natura
1004 3079 1185 3160 coniuncia

271 3177 356 3266 sunt,
367 3198 421 3252 aut
434 3180 608 3268 intelletlu,
621 3203 656 3256 vt
669 3209 784 3281 genun
803 3179 935 3282 species,
953 3200 1073 3266 totum,
1093 3205 1185 3280 pars,

273 3285 489 3387 omnibusque
509 3286 708 3361 relationum
726 3289 885 3389 partibus,
922 3287 1060 3359 alterum
1081 3281 1200 3382 poffi·'

272 3388 338 3462 bile
353 3386 526 3475 iudicatur,
547 3387 735 3490 sipoffibile
751 3390 797 3463 est
815 3390 974 3464 alterum:
1009 3383 1134 3479 deiude
1157 3386 1184 3462 fi
1209 3393 1212 3398 ’

269 3491 389 3568 finilia
404 3495 474 3567 fieri
490 3489 639 3593 poliunt,
661 3514 716 3567 aut
728 3500 865 3580 maiora,
888 3512 943 3566 aut
955 3490 1039 3567 adeo
1051 3507 1184 3566 contru-

270 3604 336 3684 κίε,
364 3620 395 3671 et
416 3596 597 3674 dillimilia:
634 3595 660 3670 li
682 3598 747 3670 alio
768 3618 936 3699 tempore,
973 3600 1014 3671 ab
1033 3596 1184 3700 aliisque,

186 3737 189 3742 ·
267 3699 455 3805 praesertim
479 3700 707 3792 deterioribus,
746 3701 830 3778 effici
853 3722 1040 3805 potuerunt.
1110 3703 1182 3775 Ne·

192 3821 195 3828 '
409 3841 411 3846 ·
1112 3828 1182 3911 que
