2709 4434
594 321 787 429 Prodatr‘o.
1113 346 1143 437 7

231 527 309 611 Sed
322 530 547 636 principatus
563 522 677 609 huius
690 525 816 632 partis,
824 541 936 633 atque
948 520 1139 609 uniuerfie

232 644 334 725 adeo
350 638 600 750 eloquentiae,
622 636 721 721 haud
737 634 850 723 dubie
865 635 918 717 est
933 638 973 723 iu
986 636 1138 745 copiosa

233 766 438 864 omataque
462 772 774 857 argumentorum
801 746 1030 835 naeuuone.
1094 756 1137 833 ln

236 893 279 951 ea
296 889 419 949 autem
434 866 524 976 quid
539 868 603 961 est,
624 863 733 975 quod
748 891 820 949 nos
833 868 961 949 iuuare
974 888 1137 971 magno-

233 1009 322 1089 pere
346 981 457 1088 poffit
478 977 716 1088 philosophia
741 1004 803 1075 ea,
841 1001 937 1088 quae
955 975 1074 1062 hodie
1094 982 1135 1059 in

228 1091 366 1178 scholis
385 1091 562 1182 traditur?
595 1090 871 1179 Arrsententias
885 1084 982 1171 forte
997 1112 1137 1191 acutas,

228 1234 362 1302 nouas,
378 1204 595 1316 splendidas,
610 1200 878 1312 suppeditabit?
893 1230 971 1286 non
985 1202 1136 1303 multas,

229 1326 381 1427 opinor.
437 1317 547 1411 Alios
567 1314 687 1401 iont'es
709 1315 956 1403 iudicauimus
977 1322 1017 1401 in
1038 1314 1135 1403 libro

234 1432 326 1539 ipso.
356 1432 422 1514 An
437 1428 893 1538 exemplatimilirudines,
913 1454 1022 1515 acute
1037 1428 1133 1517 diua

231 1571 463 1649 magnorum
479 1539 667 1627 virorum?
696 1541 816 1625 multo
834 1548 974 1629 minus.
1029 1544 1135 1653 Quid

225 1653 366 1764 igitur?
393 1652 522 1752 Nihil,
544 1656 590 1739 vt'
605 1662 759 1765 opinor,
780 1654 845 1738 nifi
865 1654 1002 1765 pundia
1026 1684 1133 1764 argu·

223 1792 461 1874 mentorum,
484 1797 581 1881 quae
599 1798 647 1853 ex
666 1770 840 1853 uniuersa
847 1799 974 1857 rerum
988 1770 1133 1857 diuina·

224 1914 312 1968 runr
327 1885 654 1994 humanarumque
667 1905 797 1967 natura
811 1905 998 1994 petuntur.
1021 1890 1133 1991 Quae

224 2020 306 2081 utut
326 1999 435 2105 saepe
457 1995 525 2080 fint
549 2024 636 2081 nora
660 2003 861 2091 carrariis,
890 2005 956 2110 qui
976 1998 1133 2111 discipli.

227 2138 315 2194 nam
334 2108 649 2220 philosophorum
675 2140 754 2195 non
776 2116 1061 2217 cognouerunt‚
1087 2139 1132 2196 ac

226 2251 305 2306 non
329 2230 454 2306 minus
475 2222 573 2310 bene
595 2225 745 2312 esteris
769 2223 884 2321 libris,
906 2249 1019 2337 atque
1033 2225 1132 2313 adeo

224 2335 374 2433 meiius,
395 2336 597 2435 discuntur,
626 2366 739 2447 quarn
760 2366 782 2420 e
803 2337 1051 2449 philosophia:
1078 2362 1130 2423 ta-

228 2476 321 2530 men
341 2449 567 2552 concedam,
601 2477 622 2531 a
640 2450 874 2562 philosophia
896 2453 1130 2562 suppeditari.

232 2558 306 2642 Sed
339 2561 433 2643 haec
462 2586 678 2671 argumenta
712 2572 956 2676 perexiguam
987 2585 1130 2674 partem

228 2679 413 2758 oratoriae
438 2685 613 2764 materiae
634 2684 880 2777 constituunt,
903 2708 1027 2788 neque
1050 2704 1129 2761 nra-

221 2792 283 2892 gis
302 2787 560 2900 eloquentiam
581 2794 800 2890 conficiunt,
821 2822 937 2904 quam
954 2792 1029 2877 ossa
1044 2821 1129 2876 cor·

220 2928 292 3010 pus
326 2902 540 2989 humanum
572 2912 723 3002 viuum,
760 2905 905 3004 valerna,
935 2930 1129 3013 vegetum,

219 3013 433 3122 pulchrunn
489 3023 589 3100 Nam
613 3021 718 3131 quod
734 3017 935 3103 Dialediica
960 3021 1128 3125 indigere

219 3150 413 3212 oratorem
429 3128 571 3229 dicunt,
587 3134 634 3221 ad
650 3131 906 3229 iudicandum,
923 3138 964 3216 in
979 3128 1128 3215 delediu

219 3264 544 3347 argumentorum,
564 3251 604 3326 in
618 3245 849 3342 definiendo,
869 3253 909 3329 in
920 3244 1126 3357 paneade,

220 3355 258 3437 id
278 3351 389 3439 facile
412 3356 675 3439 coneefferinr:
703 3357 765 3442 sed
795 3354 907 3449 habet
937 3380 1062 3443 tuuren
1088 3380 1126 3441 et

176 3482 178 3487 '
219 3496 263 3551 ea
280 3473 375 3574 ratio
392 3468 500 3552 suurn
515 3469 696 3568 modurn,
721 3493 760 3555 vt
779 3500 827 3554 ex
848 3478 895 3555 iis
917 3491 1046 3580 patere
1068 3500 1125 3555 ar-

218 3579 350 3681 bitror,
369 3606 469 3691 quae
492 3580 540 3663 da
562 3584 947 3692 argumentationibus
970 3604 1007 3671 at
1028 3582 1126 3669 resu-

217 3699 360 3775 tatione-
385 3692 476 3788 dixi,
496 3692 633 3803 quibus
655 3695 780 3784 addet,
803 3702 869 3806 qui
891 3693 1005 3784 volet,
1029 3688 1125 3809 quae

217 3826 351 3891 annua
371 3803 472 3891 iliam
496 3809 722 3923 senteutiam
747 3806 883 3904 'ruent
910 3808 1142 3995 nubiuago,

651 3931 715 4028 (Α
740 3936 793 4033 4)
1094 3922 1160 3997 uix
