2709 4434
167 357 171 367 '
276 358 347 445 118
470 348 615 457 ⁰⁰P·..J¹·
667 312 976 418 motabantur.
1067 337 1069 344 ⁸
1140 298 1143 307 Ι

247 590 249 595 -
277 551 426 634 tempore
444 561 482 606 ae
500 531 595 619 loco,
619 551 638 603 a
663 508 819 633 cellisque
840 525 1001 632 personis:
1040 526 1193 630 pertinet¹

276 642 340 711 huc
355 636 408 723 id,
428 635 517 736 quod
529 632 622 735 supra
638 637 709 732 (dd.
727 664 760 727 7.
779 656 814 718 8.
831 641 907 729 63.)
924 632 1087 720 diximum
1100 663 1184 708 ma·

277 747 390 814 teriam
411 737 542 812 dicendi
561 764 697 811 omnem
721 735 784 811 effe
806 735 982 838 apersmtis
998 738 1063 812 illis
1079 750 1187 811 aere·

276 846 335 918 bus
358 841 431 942 ipsis
451 843 677 943 repetendam,
710 870 778 923 non
798 842 1018 944 quaestionem
1038 847 1185 944 aliquam

275 941 459 1020 uniuersam
481 945 700 1032 traiciendam,
724 942 783 1019 nili
804 966 895 1019 tanta
913 940 950 1018 stt
968 942 1187 1046 personarum

276 1078 447 1152 rerumque
462 1056 616 1135 tenuitas,
640 1068 675 1122 et
693 1047 783 1152 quast
797 1072 988 1152 paupertas,
1009 1051 1186 1136 vtnullam-

259 1151 430 1251 >idoneam
466 1152 596 1226 dicendi
627 1161 797 1227 materiam
828 1159 959 1229 Oratori
990 1155 1184 1252 praebeant:

273 1258 365 1358 quod
387 1256 410 1331 ll
434 1255 580 1330 accidere
597 1257 719 1356 potest,
743 1255 867 1331 accidet
891 1253 1044 1358 profedlo
1068 1255 1188 1332 rariffi-

272 1388 351 1448 rne3
375 1359 572 1462 quaelliones
598 1358 761 1434 vniuerlae
785 1358 903 1436 seruit-,e
919 1357 1051 1434 debent
1080 1380 1184 1437 mate-

273 1471 339 1539 riae
356 1470 504 1566 propriae
517 1463 722 1540 exornandae
731 1466 779 1562 (ᾗ.
797 1473 976 1555 t.3d.l‚non
991 1485 1097 1538 totam
1112 1494 1185 1540 ora·

274 1559 399 1642 tionem
431 1596 600 1670 occupare.
679 1577 785 1671 Atque
814 1575 856 1642 ita
887 1563 995 1642 fecille
1020 1565 1183 1645 'videmus

275 1699 390 1747 omnes
415 1672 485 1746 illos
507 1674 648 1760 veteres,
676 1700 759 1775 quos
781 1673 964 1773 eloquentia
986 1673 1184 1760 nobilitabit,

273 1804 418 1877 quosque
434 1783 614 1869 imitatione
628 1784 810 1950 exprimere
827 1772 990 1849 debemus.
1040 1775 1184 1880 Qodii

154 1886 158 1899 ”
274 1900 385 1953 tamen
399 1885 441 1951 ita
455 1875 645 1951 faciendum
672 1901 708 1963 tt,
730 1885 875 1979 primum
888 1901 1126 1980 argumentum
1138 1877 1185 1956 es·

273 1979 307 2057 se
327 1981 456 2056 debebit
477 2008 553 2055 eum
576 1979 842 2083 causapraesenti
870 1980 1178 2069 coniundlillimum

275 2105 503 2187 remotumque
521 2086 717 2160 adodltinae
734 2084 920 2161 subtilitate:
947 2086 1067 2162 deinde
1089 2095 1121 2163 ei
1136 2092 1177 2161 ita

275 2188 470 2292 innedlenda
493 2196 552 2263 erit
572 2195 688 2293 ubique
700 2188 840 2293 persona
858 2212 890 2265 et
907 2220 954 2264 res
971 2199 1125 2292 propria,
1148 2209 1183 2265 vt

276 2292 394 2368 dehac
409 2299 533 2395 potius,
556 2320 654 2396 quam
678 2293 719 2368 de
741 2293 884 2370 vniuersa
906 2297 1011 2398 aliqua
1024 2294 1187 2398 quaestio·

271 2392 456 2486 'ne‚=0ratio
468 2395 533 2471 elle
548 2397 702 2473 videatur.
723 2448 727 2465 ι
755 2403 911 2474 Ceterum
927 2402 966 2473 ab
984 2406 1185 2501 omniatgu·

274 2526 407 2591 mento,
438 2499 538 2578 dudio
561 2533 578 2576 a
600 2524 720 2577 tortura
740 2512 918 2577 nominum
941 2504 992 2577 vel
1015 2500 1185 2605 personae,

273 2607 328 2680 vel
343 2606 425 2692 diei,
452 2608 501 2680 vel
515 2609 601 2693 loci,
624 2612 717 2706 graui
732 2613 819 2695 viro,
846 2614 898 2710 qui
922 2634 1017 2681 verae
1028 2608 1186 2709 eloquen-

269 2719 337 2790 ¹tiae
362 2709 494 2786 laudem
514 2732 659 2810 appetat,
685 2709 922 2790 abstinendum.
972 2712 1066 2787 Nihil
1092 2719 1187 2787 enim

274 2818 371 2893 ltabe't
393 2814 449 2887 isla
473 2821 553 2887 ratio
573 2810 632 2885 nist
652 2809 761 2887 lusum
780 2818 959 2915 puerilem,
988 2821 1042 2918 qui
1057 2816 1100 2888 ab
1113 2815 1185 2892 elo-

273 2924 402 3025 quentia
417 2922 560 3001 maxime
576 2920 738 2992 abhotret.
798 2916 862 2994 Sed
878 2913 920 2995 de
934 2916 1067 3019 lingulis
1083 2926 1186 2997 huius

267 3032 399 3126 ¹generis
412 3022 528 3096 formis
546 3020 591 3093 est
610 3021 887 3122 praecipiendum.

328 3145 412 3221 259.
434 3124 490 3198 Ell
505 3146 613 3199 autem
629 3127 783 3199 omnibus
797 3123 925 3215 formis,
939 3152 1022 3230 quae
1036 3130 1115 3202 huic
1128 3154 1184 3226 ge·

274 3238 343 3306 neri
363 3229 520 3305 subiedlae
541 3224 632 3316 sunt,
652 3238 839 3306 communis
853 3233 1006 3306 laudatio.
1054 3233 1107 3303 Ea
1123 3252 1183 3305 tra·

275 3339 380 3410 datur
401 3333 588 3434 dupliciter,
615 3333 667 3407 vel
686 3333 746 3420 lic,
774 3353 809 3408 vt
828 3362 877 3410 res
891 3333 1035 3435 lingulae
1050 3332 1182 3407 lauden·

265 3454 337 3525 tur,
357 3437 455 3511 veluti
470 3438 678 3524 beneficium,
699 3445 733 3511 in
746 3445 856 3537 gratiis
871 3435 1019 3540 agendis,
1039 3459 1095 3512 aut
1111 3465 1182 3538 par·

274 3564 320 3617 tes
334 3543 460 3643 aliquae
474 3548 648 3630 virtutum,
664 3570 750 3643 ¹quae
771 3567 889 3641 nempe
903 3540 965 3616 fint
979 3545 1183 3617 coniundliu-

274 3674 325 3722 tes
343 3673 420 3721 cuin
432 3643 582 3722 'confilio'
600 3641 766 3720 uniuersae
785 3652 959 3734 orationis,
983 3728 985 3735 ‚
1000 3647 1102 3720 veluti
1130 3648 1183 3718 be·

274 3738 458 3863 neficentia
475 3747 671 3850 magnitudo
683 3749 797 3841 animi,
818 3758 896 3839 cum
910 3757 1026 3855 gratias
1043 3757 1183 3851 agimur,

260 3879 268 3888 '
865 3875 867 3880 '
1074 3877 1181 3930 omni·
