2709 4434
255 350 326 470 ¹l⁶

300 532 1133 578 „m

610 696 721 770 CAP.
748 698 797 766 11.

470 830 541 904 De
583 824 942 902 Orationibus.

666 964 752 1052 256.
1070 1012 1074 1017 -

338 1067 499 1137 rationum
520 1062 589 1138 duo
603 1089 724 1163 genera
748 1059 825 1136 facit
845 1063 1099 1163 Hermogenes,
1123 1053 1166 1129 de

362 1165 445 1241 ldeis
460 1176 508 1254 ΙΙ,
539 1194 594 1241 ιο.
610 1168 749 1242 alterum
759 1167 1001 1265 panegyricum,
1026 1161 1166 1232 alterum

255 1277 429 1366 politicum.
482 1276 690 1372 I’anrgyrico
705 1274 816 1372 generi
830 1266 954 1340 subiicit
971 1291 1088 1337 ornnes
1101 1291 1167 1352 eas,

258 1368 429 1476 inquibus
450 1379 573 1478 ingenii
592 1394 625 1448 et
644 1375 847 1477 eloquentiae
867 1375 981 1471 opinio
1001 1375 1168 1468 quaeritur

259 1484 416 1566 maxime,
436 1507 581 1583 quaeque
595 1487 756 1581 pertinent
765 1478 815 1551 vel
829 1473 870 1548 ad
883 1471 1097 1559 laudandum,
1117 1473 1169 1549 vel

204 1599 212 1614 “
261 1581 304 1658 ad
316 1591 432 1684 gratias
444 1584 597 1687 agendas,
621 1586 675 1657 vel
688 1582 728 1658 ad
742 1576 983 1680 gratulandum,
1004 1580 1168 1679 inquibus

261 1707 293 1760 et
309 1686 382 1789 ipfis
397 1686 672 1764 dominaturlaus.
725 1688 895 1760 Ponticam
913 1701 1026 1766 vocat,
1051 1688 1169 1784 inquo

261 1787 420 1889 spetflator
444 1792 560 1862 vtilitas
579 1789 682 1886 aliqua
702 1792 843 1870 ciuium,
874 1786 933 1860 'vel
952 1784 1170 1885 lingularum,

263 1893 315 1965 uel
329 1890 570 1963 uniuersorum:
595 1897 688 1988 eique
704 1890 814 1961 tribuit
831 1893 908 1979 has,
934 1896 968 1964 in
988 1894 1106 1992 quibus
1118 1892 1167 1965 vel

263 1990 448 2082 suademus,
462 1995 513 2065 vel
529 1988 757 2077 dissuademus,
771 1992 821 2065 vel
836 1991 1034 2079 accusamus,
1051 1997 1100 2070 vel
1112 1994 1162 2069 de·

263 2094 438 2173 sendimus.
490 2095 542 2169 Ad
560 2096 732 2194 politicum
749 2123 850 2196 genus
864 2098 1047 2174 commode
1061 2098 1116 2175 ref
1156 2104 1162 2117 '

205 2214 221 2290 χ’
265 2196 414 2304 possunt,
446 2227 521 2271 cum
538 2195 633 2300 Calp.
656 2204 828 2274 laurentio
845 2201 885 2275 ad
907 2208 1173 2304 Hermogenem,

176 2393 180 2403 ¹
267 2310 447 2388 orationes,
476 2332 557 2404 quae
576 2301 617 2377 de
639 2308 732 2379 rebus
753 2303 847 2379 laseris
868 2313 901 2380 in
928 2316 1092 2382 concione
1113 2334 1173 2411 po·

172 2404 180 2421 ’
267 2412 335 2511 puli
350 2411 527 2494 habentur,
559 2437 755 2512 quamquam
777 2411 892 2485 ruelius
912 2408 998 2484 forte
1016 2410 1073 2499 fit,
1100 2416 1174 2515 pro'·

268 2518 378 2613 prium
393 2509 879 2617 geuus‘facereecclafiqliirnm:
907 2520 1004 2601 item,
1033 2524 1175 2618 quaein

270 2618 412 2690 coetibus
434 2614 634 2690 eruditorum
661 2624 838 2692 hominum
861 2616 901 2691 de
932 2620 1040 2721 aliquo
1069 2628 1175 2723 capite

269 2718 448 2807 doetrinae,
470 2719 558 2821 quod
577 2729 681 2822 capiat
694 2725 832 2823 aliquam
847 2728 1022 2796 oratoriam
1036 2751 1175 2823 exorm-

270 2830 405 2898 tionem.
475 2830 605 2899 Etenim
629 2832 663 2899 in
685 2832 732 2900 his
750 2829 949 2900 orationibus
970 2829 1052 2900 nihil
1074 2826 1176 2919 aliud.

188 2978 191 2985 -
269 2925 331 3002 nil'r
346 2931 459 3004 utilitas
473 2927 691 3018 audientium,
726 2926 893 3030 speetatur.
942 2932 1059 3018 Turn,
1091 2938 1176 3007 iniis

189 3030 196 3041 ⁸
271 3033 470 3134 quaestiones
486 3039 677 3136 tradantur,
698 3034 747 3107 vel
763 3041 976 3136 cognitionis,
1007 3038 1059 3112 vel
1075 3042 1174 3112 aelio

271 3143 330 3211 nis.
367 3146 435 3213 lam
459 3145 517 3213 hae
538 3145 616 3241 quin
639 3145 862 3212 contineantur
883 3148 1060 3245 praeceptis
1078 3166 1174 3245 gene·

272 3247 313 3314 ris
331 3237 528 3316 deliberatiui
542 3263 573 3315 et
586 3243 762 3330 iudicialis,
779 3244 915 3318 dubitari
930 3252 1048 3343 nequit.
1074 3240 1174 3350 Qrod

274 3364 384 3418 autem
398 3345 438 3418 ad
460 3347 526 3418 illas
547 3354 674 3434 attinet,
701 3370 753 3420 aut
774 3345 927 3420 subtiliter
946 3350 1110 3448 explicant
1128 3376 1175 3423 ca·

278 3471 335 3549 put
353 3448 480 3552 aliquod
497 3449 660 3548 religionis
676 3474 707 3524 et
724 3451 907 3536 doc‘lriuam
937 3475 968 3524 et
983 3452 1026 3526 fic
1039 3451 1175 3559 disp'uta·

279 3559 382 3628 tiones
396 3559 501 3654 potius
518 3549 672 3629 dicendae
688 3552 777 3641 suut,
798 3583 895 3659 quam
916 3564 1096 3651 orationes,
1121 3566 1176 3631 in·

279 3656 319 3728 de
345 3659 501 3753 ὁμιλίας,
528 3653 706 3746 sormones,
732 3664 863 3733 vocauit
883 3667 1071 3762 antiquitas,
1095 3659 1175 3736 sunt·

277 3789 340 3824 nna
364 3757 524 3835 eiusmodi
543 3763 712 3866 pleraeque
737 3764 945 3840 nostratium:
970 3790 1024 3839 aut
1043 3767 1175 3869 popula·

1104 3876 1175 3951 riter
1208 3856 1212 3983 l
