2709 4434
234 364 237 370 ’
285 314 356 456 abt
400 413 405 421 .
475 339 563 438 cap.
577 316 629 418 Π.
681 341 739 417 Dr
762 345 987 419 Orationibus.
1026 290 1029 295 Ι

166 530 168 537 ’
281 522 363 606 ratio
381 528 527 606 habenda
548 532 693 604 maxime
711 554 845 619 eorum,
872 550 953 633 quae
979 528 1058 605 illud
1083 526 1187 632 ipl'um

276 633 504 735 κατόρθωμα
518 641 691 733 attingunt.
732 635 822 708 Hinc
834 634 1088 723 eodemmodo,
1103 657 1138 710 vt
1152 644 1186 711 io

280 746 456 839 gratiarum
478 743 627 825 attone,
662 736 820 812 ducentur
839 762 1028 841 argumenta
1051 740 1187 815 laetitiae

279 870 358 922 cum
375 843 513 929 nostrae,
528 863 599 943 tum
614 848 777 937 onmium,
800 844 889 918 cuius
906 841 1106 946 magnitudo
1118 843 1186 919 ido·
1206 860 1212 995 p

168 1040 170 1045 Ι
275 957 348 1023 neis
370 945 531 1022 sententiis
550 968 582 1021 et
602 944 715 1048 figuris
738 955 949 1047 exprimetur.
1025 954 1066 1022 In
1087 949 1212 1035 altem

277 1074 369 1154 parte
402 1074 478 1126 vota
505 1049 663 1124 faciemus
696 1077 758 1151 pro
780 1059 993 1154 perpetuitate
1013 1049 1183 1145 felicitatis,
1211 1112 1212 1119 ,

276 1163 445 1244 ουωοὶυε,
457 1181 560 1258 quarn
577 1154 726 1259 gratulati
741 1151 862 1243 sumus,
876 1175 947 1229 tum
964 1177 1101 1244 ceterae,
1121 1170 1182 1263 maj
1207 1144 1212 1231 l

275 1268 346 1336 iota
368 1282 400 1335 et
419 1281 508 1334 noua
527 1267 725 1333 incrementa
748 1263 933 1362 optabimus
953 1280 1013 1334 etc.
1038 1258 1180 1361 fiperlo
1206 1342 1209 1347 ,

276 1360 395 1443 narum
414 1361 611 1451 redoleret,
641 1371 740 1438 etiam
753 1368 1016 1439 cohortationem
1028 1361 1180 1469 adiunge·

276 1492 351 1547 mus
372 1468 414 1545 ad
438 1461 632 1570 perpetuum
658 1474 780 1543 virtutis
803 1466 962 1543 lludiutn:
989 1466 1041 1541 fin
1063 1475 1179 1555 minut,

252 1662 255 1669 -
275 1604 338 1679 pro
361 1594 395 1648 r'e
413 1598 497 1647 corta
519 1573 749 1674 pollicebimur
768 1576 942 1660 omnibus,
973 1571 1065 1647 etde
1080 1600 1124 1647 eo
1139 1576 1178 1647 iu·

274 1683 424 1757 bebimus
438 1684 552 1751 omnia
569 1702 689 1774 inagna
701 1698 732 1750 et
747 1680 908 1776 praeclara
922 1674 1057 1777 sperare.
1130 1738 1135 1751 .

281 1869 283 1875 .
327 1791 413 1867 268.
438 1782 504 1856 Sed
525 1776 707 1879 gratulandi
732 1777 822 1853 caula
849 1786 995 1855 maxime
1025 1782 1180 1855 habentur

273 1893 436 1963 orationes
454 1891 488 1957 in
508 1888 645 1982 nuptiis,
677 1883 851 1971 natalibus,
888 1889 986 1961 initiis
1005 1890 1177 1966 honorum,

272 1995 422 2092 inprimis
438 1994 577 2087 imperii,
597 1983 801 2086 aduentuque
817 1988 1014 2086 Principum·
1055 1995 1103 2061 lle
1115 1991 1172 2085 pri·

271 2087 369 2169 mum
391 2099 522 2184 nuptias
542 2091 742 2191 gratulamur
764 2091 814 2163 vel
827 2097 977 2192 priuatis,
998 2091 1052 2165 vel
1064 2092 1189 2193 prinei-4

267 2201 375 2303 pibus.
428 2202 516 2272 Cum
536 2194 619 2294 ergo
645 2199 775 2295 priuatis
794 2197 1048 2292 gratulabimur,
1074 2196 1173 2269 ontio

266 2302 348 2379 duas
367 2302 496 2376 habebit
516 2318 639 2401 partes:
676 2303 818 2398 primam
846 2294 957 2400 sponsi¹
980 2292 1175 2403 sponsaeque

266 2401 418 2492 laudem,
455 2405 665 2479 coniundlam
697 2430 775 2475 cum
798 2401 961 2477 felicitatis
990 2407 1174 2477 commonit

262 2508 522 2617 praedicatione:
542 2509 675 2580 alteram
692 2527 779 2592 vota,
792 2527 887 2607 atque
899 2512 1013 2586 omnia
1026 2504 1173 2593 secunda,

159 2638 162 2643 ·
262 2616 383 2719 ¹quibu
404 2631 437 2683 et
458 2612 614 2684 laetitiam
640 2629 674 2683 et
695 2619 845 2684 animum
868 2611 1070 2688 beneuolutn
1086 2609 1171 2690 testo·

264 2744 351 2795 mur.
390 2722 440 2788 'ln
461 2710 625 2788 laudando
648 2734 759 2788 autem
781 2720 928 2814 inprimis
949 2721 1032 2817 ratio
1045 2716 1171 2791 habebi·

265 2843 318 2896 tur
337 2844 453 2890 eorum
469 2819 661 2902 bonorum,
683 2845 724 2890 ex
740 2821 855 2918 quibos
868 2817 1012 2896 delcdlut
1025 2824 1171 2919 coniugia
1209 2878 1212 2885 .

170 2948 191 2968 ⁴
264 2930 426 3022 vtriusque
440 2921 605 3020 probetur,
617 2942 751 3020 propter
766 2949 847 3027 quae
863 2921 953 3024 digni
968 2926 1170 2999 coniundlio·

263 3058 307 3103 ne
323 3027 513 3110 videantur,
537 3019 616 3096 felix
642 3022 783 3127 denique
802 3033 1052 3102 matrimonium
1069 3020 1169 3129 spere·

262 3155 324 3207 tur.
379 3137 417 3202 ln
435 3141 501 3229 q'uo
526 3153 647 3227 magna
666 3125 803 3203 facultas
825 3129 951 3207 dabitur
965 3127 1168 3232 digrediendi

254 3236 304 3311 *ad
319 3236 411 3307 locos
426 3233 637 3316 communes,
661 3239 716 3333 qui
732 3231 885 3308 iustarum
900 3241 1088 3311 orationum
1102 3264 1167 3311 ma·
1210 3250 1212 3331 l

252 3347 359 3416 ⁴retiae
375 3334 438 3416 elle
454 3333 594 3435 poffmt:
628 3337 746 3425 veluti,
766 3334 957 3438 dignitatem
971 3359 1004 3412 et
1015 3347 1168 3415 virtutem
1210 3338 1212 3367 ²

261 3452 296 3518 in
329 3438 508 3540 deligendis
543 3443 736 3540 coniugibus
765 3449 911 3517 tttaxime
942 3439 1189 3542 spedlnudamt'

261 3567 382 3651 quanto
399 3541 608 3645 praestantior
624 3542 662 3617 srt
675 3552 775 3623 animi
791 3547 927 3646 pulchri,
941 3566 1168 3649 quamcor'po·
1201 3538 1207 3547 ⁸

259 3661 316 3742 ris,
330 3675 441 3723 amor:
454 3672 555 3747 quam
571 3653 638 3721 vim
652 3650 766 3726 habeat
774 3653 975 3727 benenatum
983 3648 1064 3727 elle:
1077 3666 1169 3731 λειτ-
1211 3688 1212 3703 ¹

259 3755 386 3859 εςγίαν
414 3754 670 3853 pulcherrimam
696 3749 759 3829 esse
786 3762 1034 3832 matrimonium
1064 3758 1167 3831 bono·

266 3896 269 3903 ·
1076 3888 1169 3937 rum:
