2709 4434
221 334 271 403 40
312 306 394 401 cap.
413 307 483 382 Vr.
516 305 575 380 De
591 303 687 379 Lotis
703 304 842 379 Generis
854 306 1086 391 Dardaniae

224 501 352 572 cratiae.
381 497 572 575 Communes
587 486 669 580 suut,
684 519 750 591 pax
763 520 841 567 cum
857 489 1031 597 dignitate,
1045 526 1133 604 opes,

157 604 160 611 ¹
224 628 301 675 cum
317 603 535 700 pecuniariae,
560 616 631 669 tum
647 595 819 685 militaret,
839 596 883 673 ad
898 605 1071 681 ciuitatem
1085 608 1133 687 vel

223 705 312 778 bello
327 697 584 787 defendendam,
608 701 658 775 vel
681 726 761 800 pace
776 698 981 794 ornandam,
1000 708 1093 811 leges
1104 734 1135 787 et

224 803 408 908 disciplina,
427 823 617 882 mercatura.
669 810 833 902 Propriae
847 802 932 895 sunt,
946 822 1136 893 monarchi.

223 940 261 987 ae
276 908 430 1013 quidem,
458 906 603 983 sumum
627 910 791 1010 potestatis
811 931 844 984 et
857 908 1089 1006 conseruatio,
1104 941 1137 997 et

221 1013 370 1116 legitima
386 1014 614 1113 dignitatisque
630 1015 724 1114 plena
741 1012 1002 1109 administrum
1025 1024 1137 1099 aristo-

221 1125 359 1206 cratiae,
379 1144 512 1191 morum
534 1113 713 1222 disciplina,
736 1138 768 1194 et
779 1120 892 1219 legum
907 1118 1139 1221 conscensum

222 1221 439 1297 democratiae
467 1220 605 1323 denique
633 1222 782 1297 libertas:
820 1218 863 1299 de
886 1228 1007 1330 quibus
1027 1238 1138 1319 omni.

221 1328 281 1405 bus
294 1348 442 1401 accurate
456 1330 607 1404 tradatur
620 1334 654 1404 iu
668 1328 819 1428 politicis.

156 1490 160 1497 .
273 1458 334 1523 70.
361 1430 413 1507 Ad
437 1437 515 1509 haec
535 1438 633 1534 igitur
648 1432 701 1510 vel
722 1428 964 1535 comparanda,
983 1434 1042 1511 ael
1056 1462 1138 1513 oon-

218 1531 375 1612 seruanda
407 1559 501 1639 atque
533 1536 703 1637 augenda,
742 1562 956 1636 quaecunque
986 1539 1135 1641 aliquam

218 1648 289 1715 vim
304 1645 441 1727 habent,
465 1669 502 1717 en
516 1646 581 1714 hoc
595 1641 671 1719 loco
685 1646 779 1719 vtilin
792 1634 856 1713 else
870 1634 1025 1719 dicimur:
1043 1668 1129 1743 quae
1155 1668 1177 1745 ,q

218 1746 271 1816 vel
297 1750 596 1843 comparationem,
620 1745 674 1818 vel
702 1738 1003 1831 conseruationem,
1019 1746 1133 1847 impe-

220 1845 326 1932 diunt,
339 1872 377 1922 ea
391 1873 468 1919 vero
485 1850 592 1920 noxia,
645 1846 766 1932 Veluti,
787 1847 1136 1927 beneuolentitbonm

218 1976 295 2026 rum
323 1969 356 2025 et
386 1956 570 2052 potentium
602 1956 636 2027 in
671 1970 761 2048 parte
789 1949 951 2027 felicitatis
978 1945 1135 2054 ponitum

218 2050 373 2156 quicquid
393 2075 502 2127 autem
523 2051 569 2125 est
591 2053 772 2141 eiusmodi,
806 2077 840 2128 vt
866 2055 988 2137 alliciat
1012 2082 1138 2149 eorum

219 2162 348 2232 animos
367 2154 408 2229 ad
430 2157 693 2238 beneuolentiam
716 2182 748 2231 et
772 2156 812 2232 ad
837 2154 907 2235 vsus
923 2157 1073 2250 nostros,
1098 2160 1136 2241 id

171 2261 177 2267 ’
207 2250 370 2339 Ἰπαὲὶεηυε
385 2260 460 2335 vtile
474 2258 529 2334 cll.
564 2266 603 2337 ln
616 2289 682 2363 quo
700 2262 748 2347 lit,
764 2284 810 2352 vt,
824 2260 914 2365 quod
929 2268 964 2337 in
978 2286 1073 2364 parte
1085 2262 1133 2341 fo.

218 2365 342 2442 licitatio
362 2386 394 2441 et
415 2366 579 2445 bonorum
598 2366 664 2454 est,
688 2368 744 2440 liat
764 2373 862 2440 etiam
876 2367 971 2440 vtile:
993 2369 1134 2461 velutin

218 2475 294 2557 hoc,
310 2469 399 2571 quod
412 2466 587 2570 posuimus.
628 2476 717 2545 Nam
733 2476 766 2547 in
781 2467 969 2571 sapientiam
984 2493 1018 2545 et
1032 2480 1133 2547 virtu

217 2596 305 2663 tem,
326 2602 402 2652 cum
418 2602 475 2674 per
488 2570 519 2649 se
534 2584 567 2654 iu
581 2573 741 2654 felicitatis
761 2599 847 2673 pane
865 2596 1049 2675 ponantur,
1070 2580 1152 2653 vti-¹

217 2679 310 2753 litatis
331 2685 413 2755 ratio
434 2677 538 2765 cadit,
576 2677 685 2779 quoad
710 2685 746 2749 iis
770 2684 946 2753 hominurn
970 2678 1133 2779 praestan-

217 2786 299 2856 tium
315 2783 536 2859 beneuolentiae
553 2803 585 2855 et
600 2781 701 2855 studia
718 2778 757 2855 ad
772 2782 1063 2880 amplificationem
1070 2808 1149 2859 no·'

217 2885 270 2958 llti
287 2894 476 2964 excitantur.
503 2887 633 2985 Alioqui
649 2912 718 2959 non
731 2892 932 2987 ignoramus,
946 2892 1045 2961 etiam
1063 2884 1132 2989 ipsa

218 2989 304 3061 bona
322 2990 391 3077 illa,
416 2990 493 3091 quil>
517 2986 685 3066 sfelicitas
699 2984 860 3081 censetor,
889 2991 978 3065 vtilia
1002 3011 1035 3063 ct
1054 2988 1132 3081 effe,

219 3111 252 3165 et
266 3097 386 3177 vocari,
409 3089 473 3193 ipsa
488 3017 595 3179 sllala,
620 3099 729 3167 noxia.
782 3092 846 3166 Sed
862 3101 896 3167 in
913 3092 1131 3171 deliberando

219 3222 287 3269 non
301 3203 474 3296 quaeritur,
497 3228 538 3273 an
552 3198 612 3273 illa.
622 3193 803 3298 expetenda
815 3195 888 3283 fint,
907 3202 987 3277 haec
999 3195 1131 3300 fugien-

218 3298 277 3373 da:
304 3300 378 3373 finis
397 3306 485 3376 enim
507 3325 539 3377 et
560 3300 781 3402 singulorum,
811 3323 844 3374 et
868 3307 1037 3385 ciuitatum
1056 3332 1132 3381 non

218 3401 304 3477 cadit
319 3409 353 3479 in
367 3401 651 3487 deliberationem,
671 3402 727 3484 sed
752 3406 793 3481 de
810 3404 982 3509 expetendi
1000 3402 1132 3511 fugien-

218 3503 315 3610 dique
335 3512 387 3583 via
409 3527 441 3580 et
455 3505 560 3581 modo
573 3509 717 3611 quaestio
731 3515 841 3585 omnis
855 3505 917 3583 esse
931 3504 1021 3585 solet.

272 3637 331 3700 71.
357 3615 439 3685 Loci
459 3615 558 3710 igitur
577 3613 718 3691 utilitatis
743 3610 884 3689 vniuesfi
903 3620 957 3715 qui
981 3612 1062 3701 lint,
1085 3638 1131 3691 ex

217 3716 266 3795 lu't
288 3712 357 3797 fere
380 3730 485 3823 patet:
519 3722 679 3823 usquein
704 3743 748 3799 eo
766 3716 912 3797 nultum·
929 3715 1130 3896 difficultqtie

1042 3846 1067 3896 ο
1091 3850 1129 3897 u-
