2709 4434
409 386 411 391 -
544 346 580 423 tt
596 274 802 425 'Patriam'
1072 360 1124 441 9⁷

204 528 354 615 manti,
389 522 445 599 vel
469 518 651 597 olleutandi
673 524 817 623 ingenil,
850 520 901 595 vel
923 524 1127 627 eloquentiae

157 648 162 653 '
200 630 314 721 eausa,
351 656 447 707 nuuc
467 632 616 703 maxime
636 630 831 711 tradantur,
867 627 1037 731 pollquarn
1057 634 1126 709 elo.

156 734 161 809 ὲ
200 742 335 842 quentia
346 753 541 839 propetota
556 758 575 803 e
588 726 664 803 foro
678 750 711 804 et
725 736 819 802 curiis
835 726 981 805 discessu.

259 868 344 933 aop-
364 834 451 915 lllud
475 860 608 941 quoque
629 829 798 907 fatendum
820 833 884 920 est,
923 834 1123 937 quaestiones

163 981 168 995 ·
207 932 315 1025 sinim
326 948 424 1019 mam
438 936 497 1025 sua
514 958 627 1013 natura
637 934 701 1011 elle
714 939 914 1039 eloquentiae
928 947 1035 1040 magis
1047 969 1123 1043 pro.-

209 1056 313 1153 prin,
334 1052 490 1147 iniisque
505 1042 757 1141 multomagis,
784 1069 884 1142 quani
903 1051 938 1117 in
959 1044 1125 1135 uniuersis,

204 1152 425 1259 'eloquentiam
442 1146 536 1249 polle
554 1152 624 1222 vim
639 1141 728 1219 suant
753 1149 932 1247 explicare,
963 1156 1123 1253 inprimis,

197 1316 200 1321 .
275 1276 392 1331 motus
406 1258 597 1329 animorum
612 1249 663 1323 vel
677 1248 865 1337 incitandos,
879 1254 930 1327 vel
943 1262 1121 1356 reprimen-

201 1284 285 1437 ἕξει
328 1350 494 1457 νιιίιιεῐῐᾳι
522 1374 634 1431 autem
659 1349 818 1428 subtilitati
842 1354 1121 1460 Philosophorum

205 1469 377 1569 aptiores,
396 1486 495 1559 quam
507 1464 618 1561 copiae
633 1479 666 1529 et
681 1462 807 1530 ornatui
824 1464 1013 1534 Oratorum.
1053 1462 1120 1539 Sed

213 1586 331 1639 nmen
345 1582 379 1635 et
392 1556 502 1641 iulioe
556 1562 679 1636 llariori
695 1587 813 1660 genere
834 1558 906 1633 sunt
930 1567 1123 1662 permultae,

211 1666 391 1773 dequibus
406 1588 718 1843 fflrnateque
733 1662 795 1738 dici
812 1660 918 1767 possit.

258 1797 350 1849 aro.
374 1768 412 1845 ils
470 1790 574 1856 serre,
600 1774 656 1874 qui
678 1774 711 1841 in
726 1773 790 1843 hoc
812 1770 983 1870 posteriori
1005 1768 1118 1850 volent

203 1872 331 1965 verstri,
348 1868 538 1959 ,meminisse
553 1872 727 1961 debebunt,
750 1903 818 1949 non
831 1876 1117 1977 omnesquaessio·

196 2011 255 2059 nes
266 1972 434 2057 uniuersas
447 1974 540 2079 polle
555 1983 696 2057 oratorie
713 1983 858 2057 tradlari:
886 1978 938 2055 sed
952 1977 1027 2067 elle,
1039 2010 1116 2083 qua·

200 2080 444 2161 rumsubtilitas
464 2102 502 2157 et
516 2089 651 2155 tenuitas
671 2079 710 2155 fit
730 2106 835 2173 tanta,
866 2107 901 2159 vt
920 2082 1034 2161 scholis
1056 2078 1114 2159 do·

209 2190 337 2283 &orm
353 2184 418 2265 fine
444 2185 698 2287 relinquendae,
742 2211 912 2291 totumque
941 2188 1024 2262 adeo
1051 2195 1116 2265 hoc

200 2316 307 2394 ¹genus
318 2286 432 2367 affunn
447 2288 580 2391 quidem
595 2293 634 2364 ab
648 2313 775 2365 oratore
789 2292 898 2392 polle,
923 2290 977 2364 sed
996 2297 1058 2380 ita,
1081 2314 1116 2368 vt

206 2404 297 2491 certia
309 2424 348 2470 ac
363 2392 507 2475 definitis
521 2397 707 2496 regionibus
722 2392 1009 2467 circumscribatur.
1053 2398 1114 2467 lra-

206 2500 471 2607 tpe.uounullac
493 2497 568 2571 tales
593 2496 794 2600 quaestiones
822 2499 919 2599 plane
948 2513 1046 2569 eruut
1072 2494 1114 2571 ab

204 2611 358 2683 outonis
373 2599 765 2690 dictioneremouendae,
791 2622 835 2688 vr,
859 2598 1115 2705 quaefirfigurt

203 2726 313 2798 tune,
336 2735 419 2810 quae
434 2730 545 2781 natura
559 2705 696 2807 spiritus,
722 2706 900 2781 etsnniles:
924 2732 1004 2808 quae
1021 2705 1113 2785 nullo

189 2812 306 2897 -modo
320 2816 471 2913 capiunt,
496 2839 600 2912 neque
621 2812 869 2914 popularitatem
888 2831 920 2884 et
940 2804 1115 2913 perspicui·

195 2940 301 2995 tatem
320 2922 516 2998 oratoriam,
537 2943 641 3018 neque
655 2924 786 3016 copiam
809 2937 1024 3016 ornatumque
1047 2913 1114 2989 elo-

187 3028 364 3127 ·queutiae.
422 3023 557 3093 Ceterae
578 3023 795 3096 traslabuntur
816 3024 890 3096 illae
913 3017 1047 3119 quidem
1070 3016 1111 3095 ab

188 3136 354 3212 Oratore,
375 3116 429 3196 sed
447 3130 501 3210 ita,
522 3145 556 3197 vt
569 3122 721 3199 subtilitas
736 3121 1005 3225 argumentandip
1020 3145 1052 3197 et
1066 3148 1113 3201 te·

198 3238 318 3317 auitas,
341 3224 497 3331 seriesque
511 3225 680 3303 disserendi
696 3228 874 3315 dialeslica,
896 3250 929 3299 et
945 3234 1050 3303 ieiuna
1065 3249 1111 3303 ar·

198 3363 263 3440 que
281 3329 453 3431 exsanguis
480 3341 678 3407 concertatio
697 3337 874 3411 verborum
893 3355 1110 3411 remoueatur.

197 3435 417 3517 vid..cicero
433 3434 474 3510 de
487 3443 577 3510 Orat.
594 3445 642 3528 ΙΙ,
675 3444 729 3511 rb.

253 3566 296 3615 ar
307 3568 339 3615 r.
365 3545 458 3642 Sunt,
478 3548 531 3644 qui
546 3545 754 3643 praecipiant,
771 3528 936 3646 proposita
951 3526 1107 3641 quasillo·

195 3674 260 3733 ne,
282 3667 378 3747 atque
400 3650 498 3720 etiarn
520 3667 609 3747 parte
627 3647 730 3748 aliqua
758 3651 930 3735 orationis,
955 3640 1017 3715 else
1038 3665 1106 3729 ver·

181 3752 280 3825 bum
293 3748 396 3837 illud,
427 3748 516 3851 quod
536 3755 682 3827 maxime
698 3777 769 3823 rem
793 3751 982 3850 causamque
1005 3743 1107 3843 cont}-
1185 3766 1188 3771 ·

248 3864 358 3946 Ernesti
382 3862 482 3945 Initia
711 3858 789 3947 (G)
1018 3856 1130 3935 mla·
