2709 4434
299 326 382 428 cip.
395 327 466 410 W.
502 326 561 401 Dr
580 327 723 425 I’qffirili
738 329 980 430 etlrpoffibili.
1049 357 1102 472 ειΙ

186 545 252 622 que
273 509 470 619 re'pudiarim
491 514 569 590 illud
591 545 713 619 genus,
746 514 912 622 quodab¹
927 517 1099 608 Aristotele

184 622 396 730 politumin
422 626 588 702 rhetoricis¹
608 631 657 710 Π,
696 650 754 717 19.
783 629 885 697 etiam
908 621 1099 723 Philosophi

187 725 397 826 usurparunt,
425 744 477 810 vt,
498 751 638 823 quorum
661 730 757 802 nobis
778 753 875 800 arnor
895 746 928 799 et
941 728 1100 827 cupiditas

189 863 208 907 a
232 849 344 904 natura
364 832 471 900 innata
494 826 552 915 sut,
576 857 613 904 ea
627 831 789 933 possibilia
805 827 996 906 videantur:
1018 859 1100 921 non,

190 939 327 1032 opinor,
352 928 443 1032 quod
462 931 679 1031 nemofarile
692 954 780 1011 amet
795 955 828 1007 et
842 955 1001 1035 appetat,
1017 959 1101 1037 quae

189 1037 262 1122 fieri
274 1059 342 1110 non
379 1031 498 1122 ossunt,
519 1056 554 1109 vt
567 1038 620 1114 ille
634 1043 690 1125 ait',
713 1034 768 1112 sed
783 1038 874 1140 quod
886 1039 990 1118 talem
1003 1066 1102 1139 appe-

188 1147 288 1216 titum
311 1065 457 1214 insuiffe
475 1147 596 1214 naturis
617 1148 794 1216 hominurn
814 1147 906 1216 Deus
927 1171 998 1217 non
1013 1141 1104 1216 vide-

188 1237 254 1320 rur.
304 1243 394 1344 Qid
407 1243 603 1344 impoffibile
614 1244 673 1334 sut,
698 1252 866 1321 contrariis
880 1243 951 1321 fere
970 1254 1103 1323 rationi·

191 1352 251 1424 bus
271 1348 472 1446 intelligitur.

190 1533 193 1540 ,
246 1477 306 1541 43.
330 1454 389 1527 Aa
409 1445 529 1550 aliquid
550 1466 640 1519 certo
665 1466 866 1544 temporeae
882 1448 979 1536 loco,
1003 1479 1104 1525 acer-

152 1625 155 1630 .
192 1559 296 1654 tirque
316 1549 461 1655 personia
471 1555 603 1648 salium
618 1555 682 1651 fit,
715 1575 792 1622 cum
815 1558 1002 1650 quaeritur,
1037 1554 1106 1628 duo

192 1657 333 1730 videnda
352 1654 442 1746 sunt;
474 1662 641 1755 primum,
668 1683 710 1726 an
732 1653 806 1725 fieri
827 1662 993 1754 potuerim
1015 1653 1107 1758 quod

190 1759 365 1861 quomodo
389 1761 602 1859 intelligatur,
632 1778 707 1830 ante
728 1756 857 1833 dielum
879 1756 946 1831 ert:
976 1758 1107 1844 deinde,
1161 1851 1164 1856 .

192 1894 235 1939 an
255 1861 383 1952 saelum
404 1862 452 1938 fit.
517 1869 612 1965 Qec
632 1883 744 1934 autem
762 1858 850 1938 sada
874 1858 1046 1953 dicuntur,
1066 1893 1106 1954 ea

191 1970 244 2043 vel
258 1966 401 2068 personis
415 1970 647 2053 attribuuntur,
669 1968 723 2039 vel
737 1967 844 2043 rebus.

246 2097 305 2163 44.
329 2074 443 2171 Feciffl
462 2078 562 2170 igitur
581 2073 681 2172 quern
701 2066 754 2156 id,
777 2067 818 2142 de
840 2093 910 2171 quo
930 2076 1107 2170 quaeritur,

195 2173 408 2262 ostendimus,
427 2173 452 2247 fi
466 2175 641 2260 docemus,
663 2199 735 2248 non
748 2171 854 2247 modo
862 2182 964 2270 patui
989 2170 1106 2249 'eface-

195 2305 250 2364 re,
271 2275 447 2352 sedetiam
466 2282 605 2376 voluisti.
674 2274 765 2348 Illud
785 2280 887 2356 habet
908 2283 979 2351 vim
1001 2282 1109 2351 animi

195 2379 238 2455 ad
253 2379 453 2454 credendum
468 2376 699 2481 praeparandi:
713 2381 780 2448 hoc
793 2376 897 2458 fidem
910 2377 1014 2480 ipsam
1028 2407 1109 2452 con·

196 2490 289 2559 tinet.
340 2487 485 2581 Potuiffc
502 2503 612 2556 autem
632 2506 732 2578 quem
747 2476 853 2552 facere
866 2483 969 2583 quid,
991 2483 1109 2555 intelli-

196 2593 327 2686 gimur,
350 2613 436 2658 eum
469 2588 747 2686 opportunitatem
785 2604 916 2683 tempus
949 2587 1110 2685 locusque

196 2691 407 2791 praeberent,
429 2697 476 2763 vis
489 2685 686 2774 et'facultas,
708 2713 809 2788 quarn
826 2716 879 2762 res
896 2687 1110 2784 defiderabat,

194 2790 419 2895 suppeterent,
444 2795 534 2868 nulla
551 2821 600 2868 res
616 2790 800 2892 impediret.

251 2926 313 2992 45.
338 2900 481 2997 Volrrrffi
503 2926 601 3001 quern
624 2894 732 2970 facere
753 2915 927 2997 putamus,
948 2894 1108 2998 fipotuit,

195 3030 309 3106 resque
333 3000 396 3077 fuit
415 3001 597 3091 eiusmodi,
619 3022 653 3075 vt
674 3003 715 3073 ab
736 3027 777 3076 eo
792 3001 846 3073 vel
859 3023 998 3100 propter
1010 3007 1108 3092 virtu·

195 3113 248 3194 tis,
272 3106 385 3193 officii,
409 3106 598 3209 gloriaeque
614 3102 769 3191 studium,
794 3104 845 3177 vel
865 3125 1005 3205 propter
1018 3113 1109 3207 cupi·

177 3209 303 3286 ditatis
322 3211 458 3285 alicuius
478 3216 759 3311 intemperantiam
776 3231 1000 3311 appeteretur:
1025 3237 1109 3313 quae

200 3308 300 3387 solent
322 3341 365 3392 ex
387 3321 452 3388 vite
471 3335 545 3390 aute
565 3318 638 3390 atla
662 3312 896 3387 demonstrari:
926 3312 1035 3388 fisuit
1050 3324 1109 3401 ira,

198 3411 300 3503 odio,
324 3437 378 3490 aut
391 3419 500 3520 aliquo
513 3416 632 3493 affeetu
645 3413 808 3490 incensus:
835 3416 860 3494 li
876 3419 1038 3505 utilitatis,
1059 3424 1108 3490 in·

140 3559 148 3566 -
198 3524 314 3620 primis
328 3546 482 3617 magnae,
501 3520 588 3623 spes,
608 3548 709 3624 eaque
730 3518 916 3623 propinqua
938 3543 970 3594 et
985 3548 1109 3621 magna
1178 3538 1180 3542 ’

197 3621 281 3700 fuit:
306 3620 330 3695 fi
350 3626 514 3698 necessitas
533 3628 641 3729 aliqua
658 3625 787 3726 pressit:
818 3623 843 3698 fi
866 3625 1010 3712 constet,
1029 3631 1108 3697 inci·

198 3749 302 3804 tatum
320 3723 414 3802 fuisse
435 3732 475 3803 ab
496 3738 555 3820 iia,
589 3757 733 3835 quorum
764 3730 815 3803 vel
838 3734 1022 3806 eueloritati
1056 3729 1110 3803 vel

1055 3846 1137 3917 u*-
