2709 4434
199 416 250 476 n
286 387 366 488 cip.
380 393 429 468 ΙΙ.
449 380 886 508 ··DrMatttiu·int'tsntionit
899 387 1060 487 nmtrfia.

203 578 270 666 do,
287 579 341 654 vel
354 552 640 681 reprehendendo:
671 583 913 656 deliberatiuam
925 587 961 653 in
977 576 1117 658 suaden-

205 681 271 773 do,
295 684 345 758 vel
367 680 602 775 dissuadendo,
621 684 819 765 rutrum-in
833 682 1035 774 ancillando,
1061 688 1118 764 vel

206 783 427 864 defendendo.

261 919 317 987 ¹5·
347 897 464 1002 Neque
481 917 561 965 vero
579 888 829 965 existimandum
851 885 915 978 etl,
945 894 1029 969 han'e
1051 889 1118 968 dis·

205 999 418 1071 tributionem
436 990 620 1082 causarum,
639 995 681 1071 ab
693 993 832 1099 anitiquis
845 998 1043 1071 Rhetoribus
1067 1004 1119 1073 in·

201 1096 360 1188 duriam,
385 1102 530 1175 inutilem
550 1097 672 1176 fadlam
685 1096 746 1174 elle
760 1099 876 1188 hodie,
898 1123 1119 1194 commutato,

205 1210 261 1304 qui
286 1223 357 1291 tum
379 1202 477 1289 luit,·
491 1233 601 1283 rerum
623 1203 724 1293 statu,
745 1223 792 1281 ·vt
809 1205 981 1283 nonnullis
1000 1207 1118 1308 placet.

205 1312 295 1384 Nam
321 1334 397 1383 cum
423 1307 550 1383 nullum
581 1307 621 1384 stt
651 1336 754 1411 genus
787 1315 958 1397 materiae,
987 1316 1119 1412 inquo

206 1430 318 1486 orator
337 1408 454 1493 versari
475 1413 591 1517 pulsu,
623 1410 713 1522 quod
743 1441 813 1491 non
831 1415 886 1487 vel
914 1413 1118 1492 honestatem

206 1512 335 1607 laudet,
371 1520 426 1594 uel
449 1517 661 1621 reprehendat
685 1516 943 1621 turpitudinem,
987 1515 1117 1594 suadeat

205 1621 315 1709 utilia,
337 1624 390 1703 vel
412 1621 589 1699 dissuadeat
607 1629 727 1709 noxia,
758 1621 899 1724 denique
922 1623 975 1700 vel
990 1619 1113 1696 accuset

206 1725 415 1813 iniustitiam,
436 1724 489 1800 vel
514 1721 668 1803 defendat
687 1731 926 1813 innocentiam,
949 1725 1113 1801 iuslitiam·

207 1855 288 1930 que:
313 1850 382 1903 non
406 1827 510 1929 potesl
529 1827 684 1928 intelligi,
714 1854 810 1930 quare
831 1849 923 1907 vetus
947 1828 1115 1934 disciplina

207 1945 362 2019 mutetur,
375 1927 559 2032 praesertim
573 1956 662 2017 curn,
675 1957 713 2007 ea
722 1932 953 2022 conseruanda,
967 1955 1125 2027 veterum

208 2037 396 2110 Rhetorunt
417 2035 624 2137 intelligentia
642 2033 821 2114 adiuuetur.
887 2044 994 2140 Atque
1016 2045 1118 2116 etiarn

208 2137 236 2213 s'r
252 2144 288 2218 in
299 2167 361 2215 vna
371 2136 410 2214 ¹et
431 2146 513 2214 item
533 2141 630 2217 altera
645 2147 771 2216 ciuitate
786 2139 908 2217 sublata
920 2141 967 2217 est
981 2140 1117 2217 conlue-

201 2239 309 2330 «tudo,
332 2243 382 2322 vel
404 2241 444 2339 de
458 2245 619 2348 republica
635 2251 668 2320 in
681 2246 817 2323 consiliu
828 2244 978 2347 publico,
1005 2245 1118 2323 uelde

208 2352 278 2420 iure
298 2352 334 2425 in
352 2346 474 2424 iudicio
498 2343 646 2428 dicendi:
667 2371 778 2424 tamen
801 2347 963 2429 nonnullis
978 2346 1060 2421 locis
1076 2376 1115 2425 ea

208 2447 315 2526 adhuc
336 2458 434 2552 viget.
485 2455 565 2528 Non
583 2454 630 2530 esl
655 2475 765 2529 autern
778 2450 1049 2538 consentaneum,
1067 2481 1117 2527 ar·

208 2577 277 2630 tetn
299 2586 337 2635 ac
360 2555 561 2658 disciplinam
584 2568 638 2638 vni
658 2580 690 2631 et
712 2566 791 2633 item
812 2561 901 2634 alteri
922 2562 1062 2647 ciuitati,
1084 2577 1120 2631 et

209 2680 299 2736 certo
321 2669 461 2764 tempori
478 2661 732 2741 accommodari.
1057 2692 1060 2697 ’

155 2835 157 2839 ,
265 2766 595 2868 16.Vnumqu0dque
615 2785 727 2851 autem
748 2790 853 2868 genus
869 2758 1119 2864 caulirutnpro·

167 2872 169 2877 ’
209 2871 300 2966 ptios
317 2868 477 2970 quosdam
497 2873 592 2945 habet
612 2873 716 2954 locon,
740 2869 888 2972 equibus
904 2863 1015 2961 λέγοι,
1035 2890 1120 2968 quot

210 2966 374 3059 diximus,
401 2971 568 3048 ducantur.
641 2982 693 3049 Ac
712 2979 811 3075 'primi
834 2969 969 3075 quidem
991 2975 1121 3073 generis

158 3100 161 3105 ·
210 3073 276 3148 ldci
297 3070 370 3149 sunt
390 3078 538 3152 honestat
558 3094 589 3155 et
607 3077 795 3179 turpitudo}
825 3077 974 3162 alterius,
1003 3074 1121 3148 vtilitat

211 3197 243 3251 et
262 3175 439 3270 damnum,
463 3189 557 3270 tertii,
581 3183 699 3258 iustitia
721 3206 752 3259 er
771 3180 939 3261 iniustitia:
966 3179 1120 3279 equibus

210 3309 291 3388 quae
311 3307 523 3383 argumenta,
553 3306 586 3364 et
608 3311 674 3391 quo
691 3281 796 3365 modo
810 3307 977 3388 petantur,
997 3279 1120 3383 separa·

197 3393 274 3461 ¹tim
296 3385 580 3467 demonstrabitur.
1009 3384 1014 3417 '

196 3559 201 3574 ,
271 3517 326 3582 ¹7·
351 3490 415 3567 Sed
434 3493 499 3567 loci
518 3493 567 3568 isli
583 3496 710 3566 nonita
725 3495 848 3590 proprii
862 3482 936 3564 sunt
949 3480 1121 3565 causarum

176 3619 180 3628 ’
211 3605 326 3697 generi
352 3602 487 3699 cuique,
518 3619 553 3671 vt
571 3610 640 3681 non
662 3616 694 3672 et
713 3592 754 3669 ed
777 3594 840 3669 alia
861 3620 981 3694 genera
1001 3587 1123 3692 poffint

157 3724 167 3751 t
213 3695 387 3783 transferri.
462 3703 551 3777 Nam
582 3707 617 3780 in
646 3695 812 3777 suadendo
845 3719 878 3772 et
908 3692 1122 3772 dissuadendo

213 3805 314 3889 etlam
333 3799 540 3888 hnuesttteru
554 3820 587 3888 'tt
609 3799 863 3913 turpitudinem,
910 3802 1122 3977 iustittarnsset

226 3946 232 3969 -·
562 3942 566 3955 “
997 3928 1065 3982 1111ss
1093 3928 1122 3975 l·
