2709 4434
252 331 255 336 ⁸
317 469 320 476 Ι
379 377 458 496 Cap.
483 378 534 454 11.
578 372 649 450 ‘Dr
667 371 894 456 Orationibus.
1014 395 1085 474 ης

183 567 276 641 rum:
298 564 454 668 aliosque,
476 591 568 666 quos,
589 569 621 638 in
636 562 774 639 leelion'e
788 564 953 639 bonorum
974 572 1088 648 Oratus

160 699 276 759 ¹rum,
301 675 505 757 Poetarum,
518 665 789 770 Philosophorum
806 668 939 757 obuios,
964 674 1089 751 notabit
1112 689 1115 696 “

182 772 309 849 futurus
331 793 458 859 orator,
492 793 524 848 st
546 772 607 846 smt
629 779 663 846 in
684 793 827 874 promtu.
886 778 992 875 Atque
1009 780 1088 850 hino

183 876 286 951 facilis
301 875 458 964 transitus,
471 883 616 976 primum
630 875 670 950 ad
686 879 851 964 laetitiam,
869 902 951 978 quae
965 905 983 949 e
996 906 1088 978 prae·¹
1121 965 1123 972 Ι

186 986 284 1079 ceptis
309 978 492 1080 gratulandi
515 983 743 1067 communibus
770 980 997 1067 declarabitur,
1030 982 1088 1055 de-

186 1082 262 1157 inde
281 1084 323 1157 ad
345 1105 441 1158 vota:
479 1112 560 1188 quae
580 1092 705 1186 optime
723 1085 820 1173 fient,
852 1108 884 1159 et
898 1082 1092 1185 ¹praedicem

186 1188 226 1261 da
245 1201 277 1260 e't
291 1184 498 1262 describenda
512 1187 682 1274 felicitate,
702 1217 782 1291 quae
798 1187 959 1265 futurasst
971 1195 1007 1269 in
1020 1220 1090 1267 ma·

184 1298 344 1366 trimonio
358 1314 426 1367 tam
445 1295 527 1367 bene
543 1292 703 1378 inllitum,
729 1314 763 1366 et
773 1293 921 1393 optandis
936 1304 1090 1370 onmium

184 1397 348 1490 bonorum
370 1400 567 1497 generibus,
610 1399 725 1498 quibus
745 1394 845 1494 digua
867 1396 905 1470 lit
925 1404 1090 1499 utriusque

184 1506 294 1573 virtus.
346 1501 448 1600 Quod
461 1499 485 1572 fi
500 1509 569 1605 quis
586 1502 661 1574 velit
677 1500 897 1601 quaestionem
910 1500 1092 1577 uniuersam

153 1673 155 1678 .
174 1599 291 1677 lacere
307 1625 540 1705 argumentum
556 1610 729 1678 orationist
757 1602 881 1700 deliget
896 1602 1035 1703 aliquem
1049 1623 1092 1683 ex
1152 1617 1157 1634 ¹
1175 1609 1177 1614 ’

146 1729 148 1732 ’
184 1706 269 1793 illis,
294 1731 375 1809 quos
391 1707 551 1796 diximus,
569 1709 651 1782 locis
666 1709 911 1793 communibus,
935 1711 1094 1785 tradlabita

183 1837 245 1913 que
259 1838 319 1897 eo,
338 1840 405 1912 quo
420 1819 641 1913 praecepimus
654 1831 765 1896 antea,
790 1809 906 1915 modo.

196 2004 216 2014 Ἴ,
238 1921 404 2012 269.'Sin
421 1915 619 2022 Principibus
635 1921 761 2015 nuptias
795 1914 1013 1999 ratulabimur,
1025 1915 1090 2013 pri·
1185 1946 1187 1950 ·

148 2080 156 2093 .
185 2033 280 2089 mum
293 2018 417 2093 laudari
431 2015 533 2122 potest
547 2016 717 2092 confilium
732 1942 850 2119 ipdum,
871 2016 989 2090 deinde
1003 2016 1091 2096 deles
1143 2079 1146 2084 .

187 2122 277 2191 etus:
299 2122 350 2197 vbi
366 2149 485 2221 magna
502 2121 635 2196 facultas
645 2123 690 2195 est
704 2122 831 2197 dicendi
849 2121 998 2195 debonis
1015 2128 1093 2194 vrri»

188 2243 307 2319 Vsque,
333 2217 385 2296 iet
402 2252 552 2323 agcnere
567 2246 599 2299 et
614 2223 808 2311 maioribus,
834 2228 884 2299 vel
902 2228 941 2297 ab
957 2233 1093 2322 ingenio

188 2346 222 2398 et
235 2330 358 2410 animo,
371 2326 575 2409 educatione,
587 2324 726 2409 scientia,
745 2334 873 2410 uirtute,
893 2335 971 2399 item
985 2330 1094 2424 digre-,.

189 2426 300 2502 diendi
317 2428 357 2501 ad
373 2429 467 2502 locos
483 2455 689 2512 communes,
709 2424 830 2502 lunitos
844 2456 863 2499 e
880 2430 1035 2514 Politicis,
1051 2427 1096 2506 db.

187 2528 405 2606 matrimoniis
418 2536 617 2633 Principum,
630 2537 684 2631 qui
696 2529 756 2602 lint
763 2534 928 2604 coniuncti
944 2555 1021 2604 curn
1034 2536 1098 2603 uti*

188 2638 322 2711 litate‘et
337 2641 524 2735 Principum
540 2657 572 2708 et
591 2636 803 2740 reipublicae:
834 2638 869 2707 in
882 2640 982 2738 iisque
999 2660 1094 2707 exora

188 2739 304 2815 nandis
317 2742 494 2841 plurimum
512 2742 630 2814 valebit
644 2739 784 2812 hilloria.
815 2743 944 2813 Dehinc
957 2736 1096 2843 demon

174 2845 336 2919 strabitur
357 2844 551 2946 magnitudo
568 2848 670 2919 bonae
690 2841 754 2946 spei
770 2842 813 2919 de
832 2848 1014 2942 coniugum
1034 2852 1094 2918 noi.

188 2976 309 3023 vorum
331 2945 499 3038 felicitate,
541 2973 572 3037 et
594 2950 789 3049 reipublicae
811 2951 962 3024 utilitate:
1006 2940 1097 3028 vnde

188 3054 418 3130 munitillmrus
434 3052 580 3128 tranlltus
596 3052 637 3127 ad
657 3055 794 3127 laetitiae
808 3050 963 3127 affectum
988 3057 1097 3151 expria
1129 3065 1132 3071 '

190 3158 360 3244 mendum,
374 3157 512 3263 denique
525 3155 567 3231 ad
581 3180 674 3248 vota3
697 3184 836 3260 quorum
851 3161 1033 3230 communis
1048 3154 1096 3229 est

192 3286 268 3332 cum
288 3258 442 3362 superiori
469 3289 588 3363 genere
610 3265 768 3339 tratlatio.
828 3263 891 3363 Qi
914 3256 1096 3336 uniuersam

170 3363 411 3465 *quaestionem
440 3370 573 3440 tradlare
604 3363 733 3449 iolent,
786 3364 899 3439 eadem
928 3369 1095 3451 tenebunt,

217 3493 276 3538 uae
291 3494 370 3540 mox
385 3468 563 3545 dictasunt.
617 3467 681 3545 Sed
703 3474 756 3543 bic
777 3476 926 3545 omnium
947 3477 1095 3543 maxime
1184 3490 1189 3501 ·

192 3494 345 3645 labilitas
361 3566 544 3648 scholastica
561 3570 723 3659 cauenda,
755 3571 938 3675 praesertim
957 3573 983 3648 st
1005 3578 1096 3646 Prin-

193 3679 280 3774 cipes
295 3670 380 3775 ipsos
391 3674 551 3761 auditores
564 3678 755 3749 habeamus:
784 3678 829 3752 ell
848 3686 937 3753 enirn
961 3676 1096 3772 indigna
1167 3730 1171 3740 ,

192 3774 336 3884 ipsorum
351 3775 504 3879 personis.
555 3785 718 3857 Omnium
731 3787 1112 3862 numennumen,

1040 3890 1135 3960 ὒὲῖλὲ
