2709 4434
237 378 314 464 πολ
408 366 493 469 Cup.
511 370 584 448 IV:
638 358 692 441 De'
712 363 962 460 confirmatione

231 556 418 639 indumen
433 546 607 636 uidendum
623 552 680 640 eti,
701 581 742 630 ue
756 559 791 628 in
804 553 983 641 leurffimts,
1002 551 1142 654 praeser-

231 668 296 755 tim
310 660 481 769 separatim
494 656 611 762 politis,
627 655 819 748 desinamus.
846 664 935 733 Nam
943 659 1143 759 vltimapro·

289 777 437 845 maxime
451 759 756 843 animaduertuntur.
781 771 893 866 Itaque
906 790 1023 837 eorum
1037 769 1142 838 imbe-

232 872 346 950 cillitas
361 866 656 947 denuhetfi'rmitari
672 861 887 967 superiorum.
920 869 1143 969 Similiterque

232 984 381 1083 primurn
394 975 521 1051 debebit
534 963 703 1059 elleforte,
713 977 787 1072 quia
801 977 889 1045 initia
904 998 1025 1056 rerum,
1034 973 1141 1045 eradi-

233 1103 295 1167 tur,
308 1084 451 1155 maxime
464 1068 700 1174 exspetimus,
711 1094 744 1148 et
758 1075 1070 1162 animaduertuntur,
1093 1104 1141 1152 re·

231 1191 318 1261 uenti
331 1179 437 1257 adhuc
452 1184 648 1271 tuentium,
672 1197 706 1251 et
726 1176 944 1283 cognoscendi
965 1177 1087 1252 studio.
1134 1206 1137 1213 ⁴

282 1280 623 1376 225·Neceff1tatum
657 1301 769 1356 tamen
801 1281 966 1386 quandam
1004 1281 1141 1359 afferent

228 1384 317 1463 tluot
342 1391 487 1487 primum
502 1383 692 1460 auditorum
705 1410 829 1488 captur,
845 1386 1016 1473 iudicium,
1033 1417 1141 1463 aures·

225 1518 308 1597 que:
332 1518 410 1565 uum
435 1495 474 1562 iis
500 1497 719 1591 argumentis,
735 1519 826 1593 ‘quae
847 1489 988 1593 ipsorum
1010 1499 1141 1592 opinio·

226 1596 341 1681 tribur,
372 1597 584 1696 moribusque
611 1602 833 1682 conueniunt,
866 1602 1070 1695 omninoque
1091 1595 1141 1673 ia·

228 1701 411 1784 ultoribus,
434 1697 538 1772 aditus
559 1697 720 1797 parandus
746 1705 875 1772 ceteris:
908 1722 940 1773 et
964 1707 1064 1799 priori
1089 1702 1140 1775 lo·

227 1802 461 1906 opponenda,
494 1831 575 1905 quae
600 1797 857 1901 perspicuitatem
879 1796 1077 1884 effundant,-
1106 1825 1154 1881 et=

227 1912 295 1982 vim
311 1904 431 1982 addant
450 1907 536 1979 aliisi
561 1902 679 1978 deinde
704 1928 976 2004 argumentorum
1000 1914 1138 1985 coniun-

225 2010 410 2111 gendonrm
434 2015 670 2112 opportunitas.
722 2016 809 2085 Nam
835 2033 870 2085 vt
891 2009 1046 2112 quodque
1057 2009 1135 2089 fuci·

224 2116 286 2189 lior
303 2114 405 2188 coibit
418 2142 496 2187 cum
512 2114 587 2198 alio,
603 2133 636 2186 vt
651 2110 779 2188 facilior
793 2124 852 2190 erit
866 2118 905 2188 ab
921 2117 984 2189 alio
999 2115 1042 2190 ad
1055 2115 1137 2193 illutl

225 2218 388 2304 mirmur,
417 2224 460 2293 ita
489 2224 593 2317 magis
622 2229 872 2318 coniunguntur.
948 2228 1013 2305 ltu,
1048 2221 1139 2299 velut

223 2328 316 2417 vuius
349 2329 493 2422 corporis
529 2324 696 2405 membra,
739 2330 822 2398 inter
856 2321 886 2396 se
917 2327 1139 2411 cohaerebunt

223 2432 336 2501 omnia
361 2455 438 2501 cum
464 2426 637 2507 venustate.
696 2428 776 2503 Satis
798 2428 839 2504 de
862 2429 1138 2509 confirmatione:

223 2528 266 2607 ild
281 2528 513 2611 refutationem
531 2538 710 2605 veniamur.

242 2670 245 2677 ·
278 2650 363 2712 unu.
389 2634 446 2716 Est
468 2657 577 2710 autem
606 2631 757 2707 refutatio
779 2630 910 2733 duplex.
965 2634 1058 2705 Nam
1084 2633 1138 2711 vel

222 2732 414 2814 refelluntur
439 2766 495 2827 ea,
525 2766 606 2849 quae
626 2744 660 2812 in
680 2743 876 2811 contrariam
900 2757 1024 2838 partem
1047 2737 1138 2813 dicta

221 2839 310 2931 sunt,
341 2845 390 2917 vel
423 2871 506 2946 quae
537 2861 650 2920 contra
684 2838 826 2915 nostram
855 2837 1044 2914 sententiam
1068 2841 1138 2917 dici

220 2943 312 3051 polit
337 2947 516 3026 uideantur.
590 2943 654 3018 Sed
685 2951 847 3046 utriusque
874 2952 1000 3044 generis
1022 2945 1138 3022 similit

220 3054 368 3130 metatio
390 3051 445 3127 est.
470 3128 474 3149 ι
500 3051 572 3132 Alia
596 3075 696 3149 porro
721 3045 888 3136 refutati0,
926 3054 961 3121 in
983 3078 1046 3151 qua
1066 3072 1136 3127 tote

220 3151 496 3241 timorosum,
515 3158 553 3227 vt¹
571 3159 604 3229 in
620 3149 905 3239 defendendum,
930 3158 984 3253 qui
1009 3152 1137 3228 accusa·

221 3278 270 3335 tus
299 3258 363 3345 eii,
402 3265 606 3358 omninoque
643 3263 677 3329 in
706 3255 793 3331 falsis
826 3259 1038 3355 opinionibus
1060 3287 1135 3359 ‚op-

219 3359 423 3467 pugnandis:
458 3389 500 3437 er
526 3389 594 3464 quo
619 3387 739 3461 genere
764 3357 810 3435 est
836 3364 1004 3463 Ciceronis
1027 3370 1135 3439 oratio

189 3477 190 3481 ’
221 3493 282 3569 pro
295 3461 459 3553 Meum,
482 3487 514 3545 et
526 3469 621 3540 uliae:
644 3463 727 3550 ulia,
754 3492 834 3567 quae
856 3464 902 3538 est
923 3493 994 3564 pars
1011 3473 1134 3540 oratio·

218 3576 287 3659 uir,
320 3569 361 3644 de
390 3594 453 3670 qua
473 3575 526 3644 hie
546 3576 697 3673 proprius
717 3569 763 3641 eii
782 3571 875 3643 locus
897 3569 1133 3676 praecipiendi.

218 3666 374 3757 Ceterum
389 3668 505 3748 eadem
518 3695 689 3774 praecepta
705 3674 837 3749 habent.
912 3682 915 3687 ’

218 3864 220 3869 ,
269 3799 359 3879 2ης
383 3782 426 3861 Et
440 3778 565 3888 surgrtli
581 3776 716 3889 quidum
728 3793 934 3885 argumenta,
955 3773 1133 3879 quomodo

1022 3905 1132 3986 repr&
