2709 4434
247 398 318 459 102
435 375 515 481 Cap.
530 373 601 450 W.
648 373 703 447 Dr
717 367 969 468 Confirmatiom'

241 556 289 643 ¹sb
304 555 433 638 eruditis
448 565 602 664 intelligi,
630 579 687 636 e'ut
699 556 868 646 tradendo
882 555 1089 661 splendorem
1105 584 1159 632 ae·

249 676 357 770 cipere
374 664 512 767 possunt,
564 678 672 769 ltaque
691 673 836 740 maxime
858 656 1039 741 videndum
1063 663 1109 736 esi
1125 669 1161 739 in

273 769 488 847 uaessioeibus
517 773 650 847 infinitis
676 793 709 845 et
733 775 948 870 cognitionis,
982 772 1161 871 inquibus

249 803 345 953 sacile
367 885 401 949 in
423 883 535 968 uitium
560 873 739 950 subtilitatis
757 872 904 955 incidunt
917 880 1086 959 homines,
1112 880 1162 946 in·

250 984 365 1085 primis
381 978 610 1086 philosophicis
630 977 896 1085 disputationibus
913 976 1055 1065 adsueti,
1077 1001 1109 1051 et
1128 983 1164 1050 in

251 1092 301 1163 his
320 1095 442 1186 magis,
472 1117 570 1190 quam
590 1089 770 1166 oratoribus
791 1081 957 1183 legendis,
983 1087 1164 1160 exercitati.

307 1196 390 1273 eso.
416 1191 606 1271 Videndum
618 1196 715 1263 etism
731 1189 796 1275 ess,
830 1207 863 1260 vt
877 1209 1067 1289 argumenta
1084 1186 1167 1262 affe·

250 1322 423 1384 remusesn
444 1324 526 1399 quae
541 1296 763 1397 opinionibus,
787 1288 937 1379 sensibus,
962 1312 994 1366 et
1014 1297 1163 1368 moribus

249 1398 441 1481 auditurum
459 1408 603 1482 sssaxime
621 1405 828 1477 «onumen.
876 1402 966 1473 Nam
988 1390 1164 1498 quaesunt

251 1530 293 1593 ex
305 1531 347 1585 eo
360 1531 501 1605 genere,
521 1512 618 1583 etiam
639 1506 693 1577 vbi
716 1530 774 1604 per
796 1501 827 1576 se
845 1502 952 1575 minus
967 1504 1065 1575 firma
1080 1500 1163 1594 sunt,

251 1608 444 1687 firmitatem
463 1638 505 1685 ex
524 1609 680 1684 auditoris
700 1613 813 1679 animo
833 1613 1016 1705 accipiunt,
1037 1636 1075 1684 ac
1092 1611 1165 1711 ple·

251 1742 391 1819 rumque
417 1719 491 1825 plus
511 1716 636 1797 valent,
661 1722 758 1813 quain
780 1707 959 1783 sirmiffima
981 1738 1022 1784 ex
1049 1713 1163 1796 altero.

250 1815 354 1922 idque
370 1821 488 1895 sitnon
504 1818 608 1888 modo
622 1830 811 1912 propterea,
836 1812 926 1910 quod
941 1811 1012 1887 suas
1027 1816 1162 1922 quisque

253 1930 425 2027 opiniones
452 1942 623 2026 moresque
653 1930 757 1997 amat,
789 1917 885 2016 eique
912 1915 1007 1992 senet
1036 1945 1170 2013 natura,

277 2036 310 2103 ui
333 2026 446 2104 eadem
472 2017 580 2103 sentit,
606 2012 659 2088 sed
681 2020 780 2088 etiam
802 2021 863 2091 hac
877 2018 918 2094 de
932 2021 1045 2112 causa,
1073 2024 1157 2130 quod

253 2057 379 2209 sacilius
392 2124 520 2232 quisque
533 2117 706 2221 assequitur
719 2146 776 2205 ea,
801 2151 882 2225 quae
905 2155 924 2198 a
943 2124 1006 2200 suis
1031 2137 1160 2230 opinio·

254 2242 349 2317 nibus
366 2260 404 2319 sc
427 2224 565 2304 sensibus
584 2251 654 2296 non
678 2227 863 2302 abhorrent.
913 2231 981 2323 'Sed
999 2239 1034 2304 in
1050 2261 1091 2307 eo
1105 2263 1165 2337 ge.

255 2368 332 2425 ,κη
354 2359 471 2444 magne
492 2325 661 2428 prudentia
685 2356 767 2433 opus
785 2331 848 2424 eil,
870 2362 911 2406 ne
928 2358 1061 2411 utamur
1084 2343 1164 2416 alie·

255 2474 302 2525 no
330 2444 422 2533 loeo,
453 2434 508 2517 vbi
533 2458 613 2538 non·
633 2433 695 2518 sint
727 2430 829 2538 (ligna
856 2444 902 2520 rei
936 2449 1097 2542 grauitate
1131 2464 1165 2521 et

254 2546 425 2631 usone.
767 2539 774 2549 “

306 2652 400 2728 ms
413 2637 610 2719 Cauendum
626 2662 735 2721 sutem
754 2647 919 2733 maxime,
944 2675 986 2720 ne
1007 2653 1042 2722 in
1067 2651 1166 2726 rebus

323 2744 354 2823 se
368 2748 476 2830 claris,
501 2751 699 2844 argumentis
716 2763 861 2837 utamur,
886 2748 1073 2853 praesertim
1090 2751 1167 2828 sub·

253 2853 376 2939 tilibuss
411 2847 502 2951 quod
523 2842 782 2950 in'Plsilosophis
810 2854 1018 2955 reprehendit
1039 2859 1166 2932 Atilio»

253 2954 346 3050 seles,
367 2980 507 3063 quorum
526 2951 721 3040 nonnullos,
748 2960 810 3040 ait,
844 2965 878 3029 in
899 2959 1166 3061 conclusionibus

170 3098 173 3105 ·
252 3056 343 3235 saepe
365 3082 488 3156 ponere
512 3084 560 3139 res
582 3062 728 3139 notiores
748 3066 779 3138 et
792 3064 1037 3159 probabiliores,
1060 3095 1165 3170 quam

252 3172 286 3245 in
303 3165 417 3244 unitis.
469 3160 525 3241 Est
546 3168 634 3236 enisu
647 3166 796 3262 ineptum
811 3189 843 3238 et
858 3163 1035 3268 frigidum,
1059 3174 1164 3246 valet·

274 3269 444 3363 usuagis
466 3263 507 3343 ed
537 3263 796 3354 obscurandum,
824 3272 982 3372 quemad
1005 3275 1164 3356 illustran·
1192 3313 1200 3325 =

251 3296 342 3451 dum·
435 3395 553 3451 uorum.
576 3390 751 3474 utrumque
772 3372 817 3446 esi
838 3383 1010 3459 inimicum
1035 3378 1163 3482 persua.

249 3470 352 3564 sioni⁷
377 3499 459 3573 quse
473 3482 670 3574 argumentis
687 3485 856 3578 quaeritur.
1039 3485 1042 3489 ’

306 3579 395 3655 ους
427 3581 541 3679 Neque
564 3587 698 3663 veroin
721 3581 934 3682 congerendis
962 3592 1164 3685 argumentis

252 3676 372 3759 modus
386 3678 591 3760 excedendus
606 3683 662 3766 eti,
702 3684 736 3757 N
738 3714 791 3768 am
806 3685 982 3770 multitudo
995 3695 1098 3765 nimia
1113 3694 1164 3767 ar'·

240 3800 487 3897 ¹gutuentortun
527 3807 640 3874 oneret
671 3787 877 3886 audientem3
912 3788 1068 3898 sffettque
1096 3814 1164 3870 tae-

1054 3896 1163 3993 dium,
