2709 4434
273 381 320 461 ,53
485 357 566 455 cap.
586 358 662 437 IX.
703 360 760 435 De
784 360 957 437 Moribus.=

266 579 383 640 tenua,
408 578 450 626 ne
471 558 509 624 iis
530 570 652 625 temere
672 546 873 624 aduerhndo
884 548 1094 626 offendantur
1110 559 1175 628 ani·

272 668 339 746 mi,
369 678 612 756 auertanturque
631 682 650 726 a
672 650 891 755 persuasione:
919 652 1115 744 sedetiam,
1143 680 1176 733 vt
1211 680 1212 687 ’

271 764 319 847 ad,
329 789 384 836 eos
397 767 578 834 orationem
594 758 851 858 componendo,
875 762 1044 848 beueuoli,
1071 759 1178 836 fauto-

271 894 383 969 resque
404 861 515 939 causae
533 862 660 939 nollrae
682 863 779 935 fiant:
802 863 893 966 quod
914 866 1099 964 plurimum
1124 865 1177 941 ad·
1210 892 1212 949 t

269 980 360 1048 iuuat
374 965 622 1069 persuasionem.
673 970 798 1039 Natura
818 974 928 1054 enim,
952 969 1052 1042 veluti
1067 990 1178 1044 conta.

270 1084 371 1176 gione
385 1068 537 1174 quadarn,
561 1067 709 1142 sanemus
725 1077 774 1158 iis,
797 1094 830 1144 et
842 1070 1022 1171 diligimus,
1045 1081 1104 1175 qui
1119 1102 1177 1149 no·

270 1184 397 1253 biscum
425 1172 497 1248 sunt
527 1180 743 1275 opinionum,
777 1170 947 1263 sensuum,
978 1201 1179 1282 morumque

269 1276 480 1358 similitudine
493 1279 645 1379 copulati.

329 1407 409 1467 tra.
432 1382 533 1485 Qod
554 1381 710 1455 litamen
733 1379 897 1455 necessitas
918 1383 1023 1482 aliqua
1036 1383 1179 1482 pollula-

269 1490 328 1575 bit,
354 1511 389 1561 vt
412 1510 524 1562 contra
546 1493 737 1588 opiniones,
760 1482 886 1572 sensus,
908 1487 1179 1591 voluntatemque

265 1592 469 1669 audientium
488 1592 633 1666 dicatur:
659 1587 819 1663 utendum
840 1594 900 1662 erit
919 1588 1064 1691 quodam
1085 1590 1179 1691 quali

267 1700 460 1782 lenimento,
480 1718 512 1769 et
525 1699 797 1795 praemunitione,
818 1692 1175 1795 efficiendumquearti·

269 1802 349 1876 ficio
371 1804 500 1899 aliquo,
525 1821 559 1869 vt
579 1818 635 1868 aut
655 1803 830 1894 eripiamus
848 1803 887 1869 iis
907 1802 1096 1897 opiniones,
1117 1820 1177 1871 aut

268 1903 462 1988 ¹volentibus,
477 1921 533 1975 aut
548 1895 657 1972 saltem
675 1924 745 1970 non
758 1904 1024 1999 repugnantibus,
1044 1897 1186 1974 excusa·

268 2013 358 2080 tione
371 2006 493 2106 aliqua,
515 2006 726 2103 exceptione,
750 2005 881 2077 aurelio
895 2031 960 2106 quo
976 2003 1101 2090 mod0,
1124 2002 1177 2079 of·

269 2107 409 2186 fensioni
430 2134 646 2181 occurramus.
698 2114 735 2179 ln
755 2136 821 2211 quo
842 2135 962 2207 genere
973 2107 1176 2190 admirabifia

267 2212 331 2289 suit
357 2216 498 2300 Cicer0,
524 2218 590 2285 hoc
620 2215 756 2283 nominc
786 2212 933 2285 laudatus
961 2213 1176 2312 Quintiliano.

267 2320 470 2395 Graecorum
491 2314 618 2391 testium
633 2313 736 2387 fidem
751 2312 926 2401 finiturus,
945 2317 1176 2419 lenitatemque

268 2422 562 2509 demonstraturus,
583 2448 660 2494 cum
682 2416 793 2508 sciret,
811 2444 969 2523 quantum
982 2423 1174 2494 tribueretur

268 2532 469 2601 Graecorum
498 2532 656 2626 ingeniis,
694 2525 844 2599 laudibus
875 2522 1011 2597 summis
1042 2522 1174 2599 cx'tollit

265 2637 467 2707 Graecorum
489 2656 593 2730 genus
613 2624 813 2715 uniuersum,
836 2658 875 2702 ac
895 2626 1013 2700 deinde
1032 2625 1175 2705 demunt

265 2734 390 2812 subiicit
405 2741 632 2833 exceptionem
645 2731 720 2805 fidei
735 2740 792 2807 Or.
804 2761 865 2833 pro
880 2734 996 2806 Flacco
1011 2762 1040 2806 c.
1058 2756 1095 2822 4.
1109 2737 1174 2807 Ca·

265 2862 379 2913 torrem
394 2833 650 2941 reprehensurus,
664 2842 811 2910 oratione
824 2863 884 2937 pro
900 2840 1053 2922 Murena,
1066 2865 1096 2909 c.
1112 2862 1172 2930 29.
1206 2862 1209 2869 ·

264 2940 393 3018 suntme
408 2940 493 3043 apud
511 2966 627 3013 omnes
644 2940 831 3012 austeritate
847 2945 965 3027 virum,
979 2967 1078 3042 quam
1095 2968 1172 3015 cau·

266 3069 298 3121 te
320 3069 350 3118 et
372 3048 514 3120 molliter
537 3042 675 3128 incedit,
709 3039 815 3143 ipsum
834 3042 981 3117 laudibus
1001 3046 1172 3132 extollens,

266 3156 399 3250 eiusque
414 3172 579 3236 naturam,
599 3168 631 3221 et
645 3144 792 3220 accusans
805 3151 931 3220 Stoicae
948 3144 1173 3248 philosophiae

266 3250 482 3354 asperitatem,
509 3281 590 3355 quae
618 3275 649 3325 et
680 3249 740 3352 ipst
765 3252 884 3353 aliquid
910 3251 980 3325 duri
1001 3248 1169 3329 alleuilset.

265 3363 340 3433 Hac
354 3377 418 3430 arto
432 3357 518 3456 plebi
535 3362 704 3429 Romanae
718 3356 825 3457 legem
839 3364 1009 3454 agrariam,
1030 3362 1095 3430 hoc
1112 3355 1168 3443 est,

264 3484 300 3537 vt
326 3463 443 3535 l'linius
464 3465 703 3558 interpretatur,
721 3457 775 3533 sua
788 3461 951 3546 alimenta,
973 3458 1168 3563 Caesarique

263 3572 428 3668 Ligarium
451 3568 584 3662 eripuit,
610 3565 717 3662 legem
744 3585 853 3645 autem
878 3561 1031 3637 Rosciam
1057 3564 1168 3639 eidem

288 3673 348 3744 lobi
365 3674 546 3753 Romanae,
569 3685 604 3737 vt
624 3670 825 3765 probabilem
838 3685 870 3738 et
884 3670 1086 3768 popularem,
1108 3671 1166 3742 ob·

262 3774 361 3853 ttulit.
387 3780 495 3849 Etiam
507 3770 715 3847 Dolabellam
729 3799 770 3846 eo
783 3779 816 3846 in
831 3797 950 3873 genere
962 3774 1165 3876 praeclarum

1005 3879 1166 3953 artificem
