2709 4434
246 373 330 462 '194
399 360 481 455 cap.
505 354 547 432 V
545 360 574 431 1.
621 355 679 432 Dr
702 354 883 430 Gmeribus
903 355 1039 431 dicendi.

258 555 380 633 animi,
417 571 486 647 quo
504 562 637 617 vtuntur
657 536 750 643 saepe
770 545 890 616 Poe'tue
910 561 943 616 et
963 547 1119 621 Oratores
1143 549 1179 619 in

259 678 380 760 genere
412 646 684 733 demonstratiuo,
715 671 791 721 nou
819 645 944 746 indiget
970 650 1178 746 grauioribus

260 763 394 861 liguris,
408 783 449 830 ne
466 753 568 827 verbis
581 748 715 853 quidem
732 749 865 850 tropicis
879 771 912 827 et
930 750 1119 850 grandibus.

316 888 400 952 395.
424 852 462 932 ln
478 855 602 930 deledlu
618 857 813 940 verborum,
834 860 889 957 qui
907 876 975 929 eret
989 848 1068 930 sons
1085 883 1179 958 quar·

264 980 325 1053 tus,
342 961 521 1037 videndum
535 958 581 1032 ell
592 964 715 1059 primo,
730 978 763 1032 vt
776 955 837 1032 lint
847 984 967 1059 genere
980 961 1181 1046 bonelliora,

265 1094 297 1143 et
311 1063 533 1169 magnitudine
548 1058 769 1165 produsiior'a,
780 1081 815 1135 vt
827 1069 1051 1159 locupletatus,
1068 1091 1181 1141 excru-

266 1179 378 1264 ciatus,
386 1169 653 1268 prrtrrrcfasiur,
665 1192 727 1267 pro
739 1168 875 1254 ditatus,
894 1178 1066 1253 cruciatus,
1085 1174 1181 1244 terri.

268 1268 1178 1375 innitensquesonantiora,vtferratus,regtrntor,amun

267 1371 1184 1478 dutus,prosrrnus,rrx,dimissus:deinde,mirandam,

260 1482 324 1560 -sed
340 1510 416 1556 cum
434 1481 608 1579 dignitate,
632 1498 728 1581 atque
742 1484 841 1553 etium
855 1483 1021 1568 nouitate,
1039 1499 1072 1553 et
1087 1485 1180 1553 inter·

271 1587 353 1662 dum
367 1582 500 1660 audacia
513 1577 764 1685 atqueexteffu:
777 1609 855 1656 nam
863 1579 1061 1681 magnitudo
1072 1609 1183 1658 reruni
1225 1667 1226 1674 ἵ

272 1688 422 1766 medetur
436 1685 629 1772 offensioni,
658 1713 760 1786 quam
773 1683 908 1760 audacia
922 1686 978 1760 illu
996 1706 1029 1758 et
1041 1684 1185 1761 excelsus

272 1798 391 1872 habere
405 1790 561 1865 videatur.
583 1787 752 1863 Interdum
765 1795 860 1890 copia
873 1787 1028 1864 utendum
1041 1815 1083 1861 ex
1099 1795 1184 1889 puri·

274 1892 392 1999 phrasi,
408 1916 439 1969 et
458 1891 693 1979 distributione,
712 1911 745 1964 et
759 1898 923 1991 congerie,
933 1888 1094 1970 interdum
1112 1894 1187 1964 bre·

244 2079 247 2085 ,
275 2008 393 2082 vitate,
418 1997 517 2096 qualis
535 1992 627 2067 elliu
643 1992 703 2065 islo
720 1990 890 2070 Mosaic0:
909 2022 984 2072 mm
995 1997 1030 2065 iu
1044 1996 1110 2068 hoe
1124 2018 1180 2092 ge·

276 2129 353 2180 nere
369 2096 543 2185 interdum,
553 2091 736 2197 praesertim
750 2099 802 2172 vbi
819 2094 1185 2195 affediuubnindigus·

176 2253 198 2274 ·.
276 2214 343 2290 tio,
366 2226 422 2277 aut
434 2201 569 2275 altitudo
590 2205 691 2276 enimi
710 2196 775 2302 ipsa
789 2222 921 2302 generat
941 2197 1187 2285 sublimitatem,

277 2315 372 2411 copia
384 2305 485 2380 obeli.
535 2301 723 2379 Dicendum
735 2311 832 2380 etiam
846 2325 1064 2391 commutare,
1082 2309 1117 2378 in
1131 2331 1188 2379 uu·

279 2417 396 2497 meris,
431 2410 630 2508 temporibus
667 2428 765 2510 atque
799 2409 930 2496 modis,
966 2429 999 2482 et
1036 2408 1189 2509 oblique:

304 2520 417 2596 oiticis
447 2519 546 2587 etiam
570 2516 613 2586 vti
634 2510 711 2585 lioet
731 2513 894 2587 interdum
918 2539 993 2586 curn
1021 2509 1189 2613 dignitate,

281 2644 316 2699 vt
331 2624 448 2698 Cicero
461 2622 522 2689 ait:
543 2635 578 2688 vt
589 2618 786 2714 lymphatus,
801 2621 910 2713 furiis
929 2625 1090 2717 agiturne.

325 2728 418 2815 396.
441 2714 841 2818 Denique-sublimitatem
863 2726 961 2794 etiarn
982 2718 1050 2794 fiue
1072 2720 1187 2821 gignit,

280 2825 349 2916 fine
370 2826 522 2923 exprimit
542 2841 574 2894 et
587 2818 737 2909 adiuuat,
767 2819 1063 2924 senfibilioremque
1087 2817 1183 2898 reddi

283 2926 481 3027 compositio
496 2927 679 3012 verborum,
701 2931 941 3013 membrorum,
961 2946 1178 3004 numerorum·

156 3031 171 3054 ⁴⁶
283 3062 347 3136 qus
361 3028 501 3132 grandis.
527 3034 628 3127 Igitur
640 3033 786 3129 primurn
801 3034 897 3105 verba
911 3026 980 3131 ¹ipsa
994 3028 1120 3106 debent
1132 3018 1186 3099 elle

285 3134 495 3237 produdiiora
511 3129 653 3227 syllabis,
665 3154 697 3205 et
710 3129 892 3214 sonantiora
907 3134 1085 3220 vocalibus,
1100 3139 1190 3208 inter·

286 3239 368 3313 dum
377 3244 472 3314 etium
481 3234 588 3337 alpem
603 3232 864 3326 consonantibus,
873 3237 898 3313 fi
907 3265 955 3312 res
963 3233 1074 3337 aspen
1082 3235 1136 3322 lit,
1143 3248 1191 3307 aut

286 3340 419 3417 effedlus
431 3336 538 3440 asper:
553 3341 703 3441 quoluco
715 3348 813 3418 etiam
825 3347 952 3418 initiaret
963 3365 1113 3416 extrema
1130 3361 1193 3411 ver·

288 3448 408 3520 borum
418 3441 555 3544 asperius
570 3467 773 3534 concurrent,
781 3453 948 3546 hiatusque
962 3447 1065 3520 crebri
1080 3457 1194 3516 eruut:

287 3547 404 3623 deinde
416 3549 572 3621 membris
586 3568 713 3624 vtemur
725 3551 943 3650 longioribus,
960 3568 993 3622 et
1006 3549 1127 3628 crebris
1142 3568 1194 3643 pe·

286 3652 398 3736 riodis,
407 3677 485 3725 cum
500 3649 785 3751 liruplicibuntum
794 3650 993 3754 compositis,
1003 3657 1108 3753 iisque
1122 3656 1194 3749 proi

182 3839 189 3855 ι
265 3756 503 3859 Ι(ἱικῑὶὶοῑίὶιυε,
530 3777 563 3828 vt
583 3783 673 3831 aures
694 3758 864 3860 impleant:
890 3756 1030 3858 denique
1050 3752 1195 3832 numeris

984 3929 989 3940 .
1088 3856 1192 3955 illiga·
