2709 4434
845 266 850 303 s

266 373 314 444 28
381 354 461 453 Cap.
482 322 563 449 itt,
588 302 669 430 ‘Da
683 356 771 429 Loto
793 354 1054 454 Magnitudinis.

263 543 440 647 gnitudinis
459 570 602 645 ponere:
643 541 828 645 praesertim
848 571 924 617 cum
949 575 987 620 ea
1005 548 1173 638 omnibus,

264 676 345 752 quos
359 646 544 751 posuimus,
575 648 658 726 locis
674 647 713 721 fit
726 657 922 733 eommunis,

319 779 377 843 34.
409 757 479 827 Vbi
507 780 587 851 ergo
616 759 748 826 materia
775 752 1009 851 magnitudinis
1032 750 1201 843 demon·'

264 852 412 929 slrandae
438 864 472 930 in
491 875 622 956 promtu
646 852 709 944 est,
755 856 1017 958 argumentando
1042 862 1174 935 ttat'lari

263 961 484 1063 elaboratique
500 953 605 1036 debet.
656 966 762 1064 Atque
776 968 1071 1060 argumentationes
1091 964 1173 1037 aliae

264 1062 337 1136 sunt
367 1066 559 1158 coinmmtat,
617 1064 697 1137 aliae
725 1075 887 1162 {ai-opita.
963 1069 1172 1141 Communes

263 1164 355 1256 sunt,
400 1186 482 1271 quae
502 1175 536 1242 in
560 1175 654 1242 omni
675 1196 794 1269 genere
815 1163 1102 1245 demonstrationis
1122 1171 1172 1255 lo·

265 1300 343 1345 cunr
367 1277 503 1359 babent,
530 1272 571 1346 de
593 1275 707 1376 quibus
726 1272 784 1348 suo
807 1277 881 1348 loco
901 1272 1075 1374 separatim
1093 1304 1113 1355 a
1137 1303 1171 1348 e-

263 1395 356 1450 tnus':
381 1384 549 1477 propriae,
579 1405 660 1479 quae
683 1385 826 1463 maxime
847 1376 920 1453 sunt
940 1305 1169 1478 intelligendae

263 1480 480 1580 magnitudini
495 1481 773 1566 accommodatae.
817 1522 821 1530 ·
1194 1510 1197 1515 ·

319 1611 377 1680 35·
409 1588 516 1668 Nulla·
537 1608 645 1663 autern
666 1587 830 1661 efficacior
852 1606 884 1667 et
905 1581 1098 1661 luculentior
1116 1612 1168 1667 ra-

262 1696 309 1763 tio
323 1690 557 1789 magnitudinis
573 1685 794 1790 explanandae
814 1690 870 1774 est,
897 1717 995 1789 quam
1008 1713 1166 1784 compara·

262 1803 322 1875 tio,
348 1793 386 1869 ld
402 1790 466 1891 ipsa
482 1794 713 1891 magnitudinis
728 1815 839 1866 natura
855 1791 1003 1872 declarat.
1035 1795 1169 1874 Etenim

261 1892 457 1993 magnitudo
480 1895 524 1967 eli
543 1923 583 1968 ex
598 1924 638 1968 eo
649 1922 769 1996 genere
783 1924 908 1982 rerum,
929 1916 965 1969 vt
979 1891 1171 1995 Philosophi

262 1999 410 2084 tradunt,
432 2018 525 2099 atque
537 2020 604 2073 tota
617 1997 765 2073 mathesis
778 1998 892 2088 docet,
913 1999 1003 2101 quod
1018 2018 1172 2083 nontam

197 2153 199 2156 -
262 2131 304 2187 ex
320 2101 567 2202 seintelligitur,
589 2133 688 2204 quam
704 2112 956 2205 comparatione.
1006 2101 1102 2178 Vnde
1119 2103 1195 2192 fila*

260 2228 297 2290 vt
311 2215 410 2281 etiam
423 2213 501 2281 huic
514 2215 674 2282 oratoriae
698 2207 915 2308 magnitudini
935 2204 1171 2307 intelligendae

260 2308 420 2416 aptissima
439 2311 540 2386 videri
563 2311 676 2387 debeat
692 2318 902 2414 comparatio.

299 2420 373 2514 36.
399 2425 437 2492 ln
458 2422 519 2493 hac
538 2426 660 2502 ratione
679 2415 814 2521 spatiari
836 2417 954 2503 debent
977 2412 1061 2499 duo:
1100 2419 1168 2514 pri.

260 2549 374 2610 mum,
395 2549 526 2624 quotum
550 2539 768 2621 comparatur,
794 2529 884 2596 cuius
900 2512 1170 2620 magnitudinem

259 2621 585 2709 dernonllrarevelis:
607 2625 724 2708 deinde
740 2628 1072 2723 madascomparandi.
1091 2625 1168 2703 ,Res

258 2735 368 2831 igitur,
390 2761 531 2835 quacum
545 2752 769 2831 comparetur,
794 2729 884 2831 quod
897 2737 932 2809 in
947 2729 1095 2802 manibus
1108 2729 1167 2799 ha,

210 2878 212 2883 ·
259 2835 393 2923 bernus,
425 2835 554 2918 debebit
576 2832 639 2913 elle
659 2855 755 2909 notae
775 2855 808 2907 et
826 2830 1017 2933 conspicuae
1036 2836 1167 2928 magaria

258 2938 396 3023 tudinis:
419 2940 465 3015 eli
485 2946 575 3018 enim
596 2940 724 3013 alterius
748 2938 846 3011 veluti
866 2933 1030 3011 naerrsura:
1062 2960 1166 3036 eaque

256 3037 323 3143 ipsa
337 3043 543 3143 magnitudo,
564 3043 621 3118 etsi
636 3039 739 3144 perse
754 3063 830 3116 nota
845 3042 910 3128 est,
930 3061 1043 3127 ¹tamen
1058 3039 1167 3119 breui·

255 3166 306 3219 tet
319 3140 510 3231 declaranda
525 3155 584 3222 erit
599 3145 761 3226 sententiis
776 3166 808 3223 et
822 3149 944 3232 verbis,
964 3143 1006 3225 ad
1026 3170 1099 3215 eam
1114 3146 1165 3223 ins

190 3290 192 3295 ·
256 3247 466 3349 telligendam
487 3249 622 3329 idoneis.
672 3254 768 3328 Tum
788 3258 819 3324 ei
840 3279 908 3338 res,
937 3247 979 3323 de
991 3252 1080 3328 cuius
1092 3273 1165 3318 111³·

256 3349 427 3455 gnitudine
441 3361 612 3455 quaeritur,
627 3358 867 3457 comparabitur
881 3354 937 3440 fic,
949 3375 985 3427 vt
998 3357 1028 3426 ei
1042 3350 1092 3423 vel
1102 3377 1169 3450 pat·

254 3463 505 3557 pronuncient,
532 3458 581 3531 vel
603 3481 834 3562 anteponatur,
862 3454 1009 3538 subiedlit
1029 3459 1159 3535 rationi·
1188 3454 1196 3553 ’-

253 3562 331 3648 bus,
350 3588 431 3665 qnae
444 3589 463 3635 e
478 3564 557 3643 locis
573 3560 665 3664 supra
681 3562 852 3665 propositis
864 3561 1030 3641 ducantur.
1081 3561 1161 3633 Hoc

182 3674 185 3680 '
252 3663 421 3767 posteriori
439 3666 557 3755 modo,
571 3675 625 3769 qui
639 3669 684 3743 ell
700 3675 856 3769 optimus,
876 3671 975 3739 vritur
991 3670 1109 3746 CicerO
1125 3667 1161 3746 ln

174 3790 176 3797 '
252 3774 410 3853 Oratione
421 3797 483 3876 pto
496 3771 676 3861 Marcello,
700 3770 833 3855 laudam
850 3766 1021 3857 Caesarem
1040 3765 1159 3945 opssoe·

245 3902 248 3907 ·
1104 3898 1160 3947 am
