2709 4434
280 376 352 450 tali
467 364 551 469 cap.
576 367 632 441 ΙΙ.
682 367 741 474 Dr
762 366 989 445 aasentias.

206 600 212 609 ,
277 560 335 641 tis,
368 572 401 628 ct
421 549 556 628 felicem
578 573 756 640 euentum,
789 572 884 655 utque
904 550 1087 630 successum
1101 555 1181 637 cele·

277 686 347 732 rem
363 677 484 759 optare.
890 718 894 725 .
1041 719 1045 726 .
1211 692 1212 699 κ

331 788 415 851 272.
442 760 499 834 Ell
513 762 611 831 etiam
632 753 802 858 copiosum
823 785 926 858 genus
947 757 1182 859 gratulationis,

277 864 367 967 quod
383 884 521 966 magnos
537 867 696 946 honores,
722 869 931 963 inprimisque
946 868 1125 963 imperium
1137 889 1182 937 an

277 991 409 1069 ceptum
421 965 636 1068 amplediitirr.
661 962 831 1039 Suffeuerit
846 975 1000 1042 rationem
1012 974 1182 1064 gratulat·

252 1137 258 1145 .
277 1074 450 1167 disruperit
462 1064 701 1146 demonstrasse.
752 1073 860 1143 Habet
868 1092 977 1145 autem
989 1071 1064 1149 talis
1078 1092 1180 1170 gratu·

276 1175 359 1250 latio
377 1198 409 1249 et
423 1173 488 1278 ipss
506 1173 583 1247 duas
600 1194 723 1273 partes:
753 1199 892 1275 quarum
906 1180 1011 1275 prima
1030 1174 1079 1248 esl
1100 1176 1181 1249 laeti·

278 1287 340 1352 tiae
355 1278 607 1360 dentonllratiO,
625 1304 708 1378 quae
722 1286 864 1352 maxime
880 1277 1009 1353 ducitur
1023 1305 1066 1351 ex
1079 1277 1179 1380 dignis

276 1402 339 1457 tete
356 1390 440 1471 eius,
463 1388 517 1486 qui
537 1388 713 1481 imperium
726 1389 860 1482 accepit.
897 1386 1074 1482 Oportebit
1086 1389 1178 1484 igitur

275 1485 496 1561 demonstrare
518 1493 601 1564 harre
616 1483 828 1583 dignitatem,
850 1484 875 1559 sr
894 1487 1017 1560 elesius
1031 1483 1091 1573 fit,
1115 1515 1178 1588 par·

274 1598 335 1664 tim
362 1589 427 1681 lic,
471 1611 506 1664 ut
526 1592 567 1662 ab
595 1588 974 1691 eligentiumprudentia
998 1597 1178 1696 patriaeque

272 1722 386 1769 amore
401 1714 591 1794 argumenta
607 1692 782 1781 ducantur,
808 1700 926 1795 partim
945 1702 1005 1780 ita,
1026 1700 1067 1768 ut
1085 1700 1179 1769 virtu·

270 1805 399 1884 tercius
414 1798 539 1870 idoneis
554 1794 777 1901 documentis,
811 1798 920 1873 rerum
937 1797 1102 1899 gestarum
1115 1827 1179 1875 ma·
1209 1824 1212 1837 ·

271 1908 372 1987 xime,
387 1899 647 1973 demonstrentur
661 1919 756 2000 atquc
769 1924 963 2000 augeantur:
992 1900 1044 1977 fin
1059 1902 1175 1979 heredi·

272 2021 335 2078 tate
350 2011 519 2105 acceperit,
540 2000 595 2090 sic,
623 2023 656 2075 vt
671 2009 712 2075 ita
729 2024 852 2086 naturas,
877 2013 918 2079 ita
928 2005 1113 2091 educatum,
1133 2032 1169 2079 ea

274 2115 341 2181 iam
367 2108 456 2209 signa
478 2114 632 2181 virtutum
656 2102 784 2184 suarum
807 2105 946 2197 dedisse,
981 2108 1192 2187 demonstre-

275 2239 370 2299 mus,
397 2234 431 2284 vt
443 2209 532 2310 spem
552 2208 636 2283 saud
652 2209 786 2286 dubiam
800 2219 921 2289 iniiciat
933 2220 1053 2315 optimi
1063 2219 1176 2317 princi·

274 2324 344 2419 pis,
363 2337 395 2390 et
409 2313 585 2401 felicitatis,
610 2311 668 2389 sub
685 2309 926 2418 imperiosius,
942 2321 1106 2419 publicae.
1116 2356 1125 2395 ·,
1141 2325 1177 2393 lo

274 2449 341 2524 quo
358 2421 450 2494 multi
464 2428 498 2495 in
515 2442 647 2520 promtu
661 2421 727 2496 loci
747 2448 957 2507 communes,
977 2429 1033 2524 qui
1048 2418 1176 2527 copiose

274 2546 434 2627 poterunt¹
447 2531 583 2600 tradlari.
640 2532 679 2599 ln
700 2524 804 2601 eledlo
820 2533 984 2626 Principe,
1008 2528 1121 2603 licebit
1133 2525 1175 2601 di·

166 2622 168 2627 ¹
273 2630 363 2730 gredi
394 2627 435 2699 ad
459 2628 587 2701 laudem
611 2626 848 2704 consuetudinis
877 2637 1005 2732 imperii
1035 2660 1096 2733 per
1114 2632 1174 2706 elc-

272 2737 417 2807 dionem
430 2728 614 2805 deferendi:
637 2741 670 2805 in
680 2757 883 2820 natoautem,
898 2734 1056 2823 dicemus,
1071 2767 1092 2809 a
1103 2740 1173 2811 Deo

273 2836 385 2910 datum
403 2829 477 2917 else,
498 2832 565 2906 cius
579 2834 706 2909 donum
718 2834 780 2912 esse
796 2843 899 2913 bonus
914 2845 1099 2941 Principes,
1109 2864 1182 2927 nott,
1205 2846 1212 2921 l

272 2936 441 3038 sapientiae
455 2943 633 3020 humanae,
662 2968 743 3042 quac
766 2968 869 3017 errare
889 2943 1001 3044 possit,
1035 2950 1090 3017 cui
1108 2970 1171 3045 pat·
1207 2938 1212 2975 ¹

272 3048 355 3114 tium
376 3038 496 3126 studia,
523 3041 773 3144 cupiditatesque
796 3045 889 3148 saepe
909 3047 1056 3134 obslent,
1080 3045 1170 3123 fanti·
1209 3046 1212 3087 ⁸

271 3144 370 3231 liam,
392 3173 486 3247 equa
501 3169 590 3220 natus
608 3146 657 3232 fit,
683 3144 809 3248 semper
823 3155 926 3227 bonos
941 3156 1107 3255 Principes
1121 3151 1169 3227 de·

273 3245 369 3335 dille,
394 3272 454 3324 etc.
506 3255 626 3324 Poterit
653 3259 751 3326 etiam
771 3255 913 3330 laudatio
933 3276 1000 3330 tota
1020 3255 1094 3330 fieri
1117 3282 1170 3357 per

271 3362 550 3454 comparationem
565 3357 719 3430 eumalio
734 3356 842 3433 illuslri
861 3365 1020 3463 Principe.
1054 3367 1169 3437 secun·

270 3456 351 3530 dum
368 3467 466 3545 haec,
489 3459 529 3532 ad
546 3463 677 3539 alteram
690 3465 816 3561 partem
830 3463 956 3538 dabitur
969 3466 1100 3554 aditus,
1115 3492 1170 3567 per

271 3559 516 3662 descriptionem
539 3585 571 3637 ct
590 3571 745 3666 imperii,
792 3567 881 3672 quod
902 3599 920 3641 a
941 3574 994 3646 tali
1023 3576 1129 3646 Princi

267 3662 461 3766 sperandum
476 3665 525 3753 srt,
546 3690 577 3741 ct
593 3668 754 3751 felicitatis
768 3692 970 3773 temporum,
995 3672 1053 3750 sub
1069 3594 1171 3750 eug

267 3789 435 3863 tusorum,
456 3773 597 3876 quaeest
617 3776 713 3851 altera
728 3770 809 3853 ratio
825 3778 1095 3857 demonstrandae
1107 3782 1170 3855 lee-

1072 3906 1168 3961 time·
