2709 4434
204 346 218 367 Ἰ
281 380 354 463 tao
478 344 620 476 capri.
668 381 730 455 De
747 322 969 457 orationibus.

278 599 362 677 quae
375 589 461 645 totae
473 568 603 644 historia
619 575 843 655 continentur,
864 568 952 643 velut
972 568 1032 653 eal
1059 560 1180 669 deque
1209 590 1212 599 ·

279 698 353 750 ante
375 700 497 776 paucos
518 682 620 746 annos
641 677 678 759 in
695 677 816 773 nuptiis
833 664 918 747 binis
937 673 1005 746 lilii
1033 668 1181 774 filiaeque
1211 668 1212 705 ³

278 783 380 878 Regis
394 778 553 851 Poloniae
563 774 646 849 dixit
659 780 834 876 Berge'rus,
863 783 984 854 Orator
997 774 1182 850 vitember·
1209 776 1212 827 ἵ

278 880 385 985 geniis
401 880 813 956 Academiae'clarilsnnus.
1048 954 1051 959 Δ
1207 838 1212 971 l

283 1024 296 1039 ·
333 1010 418 1078 apo.
437 981 615 1060 Natalitiar
640 991 802 1057 orationes
827 979 965 1082 duplicis
987 975 1061 1052 sunt
1085 1006 1181 1080 gene·

277 1095 332 1165 ris.
384 1091 473 1161 Nam
486 1085 541 1162 vel
555 1085 714 1160 infantem
729 1087 840 1159 recens
854 1105 967 1157 natum
982 1085 1182 1183 gratulamur

276 1194 479 1294 patentibus,
503 1188 556 1267 vel
573 1189 688 1264 adultis
706 1189 848 1264 reditum
859 1189 970 1261 natalis
983 1185 1057 1259 diei.
1112 1194 1181 1263 Hu-

224 1290 226 1315 '
276 1294 422 1370 iusmodi
439 1301 618 1382 orationes,
640 1301 715 1398 quia
734 1322 804 1369 non
817 1292 913 1366 facile
925 1294 1104 1379 habentur,
1123 1292 1180 1367 nili

276 1405 312 1472 in
327 1398 497 1499 Principali
517 1392 681 1499 dignitate
694 1405 840 1472 virorum
863 1396 916 1469 vel
929 1395 1043 1496 prole,
1061 1395 1116 1469 vel
1128 1426 1180 1470 na·

276 1504 353 1591 tali,
375 1507 440 1576 huc
458 1509 557 1577 etiarn
581 1500 798 1605 praecipiendi
820 1505 980 1574 rationem
994 1498 1179 1601 dirigemus.

275 1608 465 1684 Gratulatio
485 1613 584 1707 igitur
598 1612 782 1705 proliehas
803 1607 933 1678 habebit
947 1625 1063 1703 partes.
1118 1609 1180 1679 Pri·

274 1740 370 1788 mum
387 1709 533 1798 dicetur,
558 1732 715 1811 quantum
731 1712 809 1782 boni
824 1705 914 1780 sitin
929 1706 1020 1884 prole
1035 1704 1180 1808 ipsa‚.et·

274 1822 343 1888 iam
355 1810 539 1897 numerosa,
554 1812 578 1885 li
591 1819 634 1884 ita
647 1842 696 1886 res
712 1810 787 1898 fert,
814 1812 864 1884 uel
878 1808 920 1883 ad
959 1833 1112 1886 arentum
1125 1839 1179 1887 vo·

273 1917 434 2019 luptatem
445 1932 477 1988 et
491 1915 606 2000 decus,
631 1917 684 1988 vel
708 1915 748 1989 ad
767 1920 890 1993 ciuium
909 1912 1002 2014 spem
1016 1935 1049 1986 et
1064 1918 1175 1991 utilita-

274 2042 363 2095 tem:
389 2022 442 2093 vbi
463 2019 573 2091 licebit
592 2014 783 2093 descendere
801 2017 842 2094 ad
869 2020 964 2093 locos
984 2044 1172 2097 communes

276 2131 393 2209 varios,
408 2123 519 2209 veluti,
532 2148 630 2223 quarn
646 2125 730 2195 bona
745 2122 783 2197 lit
794 2121 973 2197 fecunditas
985 2122 1174 2226 principalis¹

274 2233 365 2301 cuius
386 2230 520 2300 nomine
539 2232 685 2327 inprimis
705 2255 776 2300 cara
798 2226 967 2330 quondam
983 2233 1176 2329 Agrippina,

218 2360 221 2377 ¹
271 2333 404 2406 aridiore
418 2332 558 2403 Tacito:
583 2352 700 2435 quanta
722 2337 768 2404 vis
789 2330 826 2405 fit
848 2336 882 2405 in
902 2356 1075 2431 parentum
1089 2338 1180 2432 inge·

269 2441 345 2523 niis,
368 2441 496 2522 virtute,
515 2440 598 2507 vitae
615 2442 711 2508 totius
727 2432 903 2536 disciplina,
928 2440 961 2507 in
978 2432 1045 2536 ipsa
1062 2435 1177 2510 nobili·

269 2559 334 2613 tate
346 2543 483 2637 generis,
498 2536 538 2610 ad
554 2535 645 2638 spem
660 2542 859 2640 praeclaram
877 2538 917 2613 de
937 2534 1085 2639 ipsorum
1101 2540 1176 2613 libe·

270 2648 387 2718 rieetc.
438 2646 477 2715 ln
499 2669 639 2744 quorum
671 2641 796 2718 deledlu
825 2643 1027 2729 videbimus,
1056 2664 1094 2719 vt
1117 2641 1176 2719 fiat

267 2742 412 2849 personis
432 2767 622 2846 parentum,
657 2750 857 2847 temporibus
878 2749 1023 2848 locisque
1044 2775 1174 2822 accom-

268 2849 412 2935 modati,
438 2853 694 2952 tradenturque,
714 2876 749 2923 vt
763 2853 871 2951 paullo
884 2875 956 2925 ante
971 2859 1174 2926 monuimus.

266 2951 397 3030 Deinde
419 2979 591 3052 pergemus
612 2951 653 3025 ad
677 2953 787 3028 laudes
810 2977 998 3055 parentum,
1024 2962 1174 3056 inprimis

266 3084 331 3141 eas,
343 3083 426 3159 qnae
441 3055 589 3129 linteum
604 3063 664 3130 hac
678 3054 769 3130 causa
783 3064 985 3145 coniundlae,
999 3065 1031 3133 h.
1049 3087 1077 3135 e.
1092 3087 1174 3160 quae

265 3157 357 3258 spem
372 3159 490 3233 faciant
505 3162 652 3261 amplam
665 3159 707 3233 de
722 3165 823 3262 prole.
858 3166 1062 3267 Qibnscum
1077 3170 1171 3263 aptis·

265 3261 346 3341 sune
361 3270 592 3364 coniungetur,
617 3286 770 3365 tanquam
792 3296 867 3341 cunr
892 3265 1011 3353 caulis,
1034 3268 1172 3341 laetitiae

264 3365 374 3440 uiuida
389 3365 652 3467 repraesentati0‚
678 3399 740 3473 qna
760 3398 876 3444 omnes
895 3373 1172 3474 comparentibus

264 3477 485 3545 communiter
504 3470 620 3546 affedli.
634 3473 704 3550 sint.
776 3480 932 3576 Sequetur
951 3475 1062 3548 vltirna
1086 3502 1171 3577 pars,

262 3601 345 3674 quae
367 3594 441 3648 vota
461 3604 498 3649 ac
518 3604 628 3677 preces
649 3577 746 3650 faciet
762 3607 824 3680 pro
838 3579 1061 3652 incolumitate
1076 3598 1108 3653 et
1122 3577 1169 3652 fe·

261 3677 379 3751 licitare
394 3673 531 3752 infantis.
583 3682 660 3778 Qio
681 3683 757 3754 loco
783 3688 955 3756 conueniet
968 3681 1170 3760 dernonllra·

261 3807 314 3872 re,
339 3783 440 3887 qualis
465 3782 615 3864 educatio
636 3782 746 3866 futura
763 3784 820 3878 iit,
839 3787 944 3892 ¹qualis
958 3784 1086 3863 futurus
1101 3782 1170 3888 ipse

1069 3891 1169 3978 lilius,
