2709 4434
326 346 408 440 cap.
422 345 499 419 111.
538 342 598 417 De
613 282 970 441 Loiu'lllugnitudinis.
1059 366 1107 437 ²9

203 537 293 607 niam
310 531 479 609 Marcello
502 528 620 604 datam.
672 520 764 604 Nam
785 550 952 629 comparat
973 532 1039 603 hoc
1060 526 1109 602 fa·

202 643 296 712 <llum
310 663 390 709 cum
404 643 469 708 eius
483 638 574 708 rebus
583 630 716 720 bellicis,
732 641 787 721 ita,
801 656 836 705 vt
850 642 961 733 primo
974 641 1031 729 luas
1047 640 1108 706 sni-

202 744 296 814 rifice
311 741 464 814 extollat:
486 769 512 839 ς.
530 770 563 837 ².-
577 746 646 810 init.
671 744 807 813 Nullius
819 743 1004 833 tsttutrtum
1022 749 1109 839 inge·

204 853 253 920 nii
263 849 385 942 fiunem
400 864 455 921 ute.
472 842 588 916 delude
607 848 656 916 his
676 840 802 917 fadluuu
821 841 903 915 illud
924 864 1110 942 anteponat,

209 945 325 1021 additis
336 975 471 1049 quatuor
484 946 603 1032 causis,
629 968 713 1048 quae
736 968 768 1020 et
788 945 873 1048 ipsae
894 952 1111 1047 comparatio·

208 1080 250 1125 ne
266 1059 494 1139 eontinentur,
541 1051 720 1153 duellaeque
749 1048 822 1124 sunt
850 1078 968 1125 omnes
988 1079 1006 1122 e
1029 1050 1111 1125 locis

206 1178 276 1228 ante
312 1159 502 1230 constitutis.
575 1154 702 1229 Eadem
734 1161 856 1229 ratione
886 1153 1010 1256 saepius
1044 1150 1113 1254 ipsu

197 1256 374 1348 lsdcrates,
403 1267 495 1333 utin
515 1264 716 1361 Panegyrico
736 1280 766 1332 et
787 1264 966 1363 Euagora,
994 1259 1111 1362 aliique

202 1384 352 1437 Vtuntur.

268 1517 331 1585 37..
350 1491 409 1565 Est
425 1518 503 1565 vero
518 1488 613 1566 etiam
633 1488 721 1567 aliud
736 1500 983 1594 comparationis
1002 1524 1112 1595 genus,

209 1620 291 1674 cum
312 1623 365 1669 res
389 1593 553 1689 confertur
575 1625 650 1669 cum
673 1625 734 1684 eo,
759 1596 848 1699 quod
868 1605 899 1671 ei
919 1608 1112 1695 contrarium

204 1704 270 1797 eil,
297 1708 402 1775 virtus
415 1702 619 1802 aliquarum
640 1708 740 1789 viti03
765 1701 855 1804 quod
877 1710 908 1775 ei
929 1710 1113 1804 opponitur,

204 1828 260 1882 aut
274 1811 391 1880 vitium
407 1832 484 1879 cum
500 1812 612 1878 virtute
632 1812 809 1892 contraria,
833 1807 950 1881 utilitas
965 1836 1041 1880 cum
1058 1806 1113 1883 da·

203 1927 300 1999 trunio²
322 1920 379 1982 'aut
393 1926 522 1983 contra:
545 1916 626 1985 item
635 1936 713 2009 cum
725 1908 876 2011 personas
888 1918 973 1984 iuter
989 1908 1020 1985 se
1035 1940 1112 1987 con·

205 2012 390 2101 tundimur,
416 2034 450 2085 vt
463 2014 588 2087 alterius
601 2011 741 2088 foeditas
758 2043 798 2087 ex
817 2014 947 2089 alterius
967 2017 1113 2090 bonella*

207 2141 241 2192 re
261 2119 476 2219 intelligatur,
515 2137 546 2191 et
565 2140 687 2221 contras
763 2122 816 2191 Sic
836 2122 955 2193 Cicero
973 2126 1114 2195 Verrem
1183 2168 1188 2177 -

211 2243 378 2327 eornparat
392 2250 468 2323 cum
484 2224 647 2325 Marcello
661 2230 722 2316 tv,
747 2246 806 2315 54,
830 2244 865 2297 ut
879 2229 1012 2298 auaritia
1024 2224 1112 2299 illius

211 2325 423 2401 detestabilior
434 2326 491 2399 fiat
506 2330 598 2399 huius
612 2327 808 2401 liberalitate.

267 2481 325 2552 38.
348 2465 510 2563 Magnam
526 2488 626 2563 porro
640 2467 710 2533 vim
732 2462 827 2535 habet
840 2467 1078 2564 argumentatio
1094 2492 1115 2536 a

215 2565 388 2641 minoriad
401 2573 524 2648 maius,
551 2588 614 2638 eta
629 2570 746 2639 maiori
764 2558 806 2637 ad
824 2573 950 2656 minus,
978 2594 1061 2668 quae
1081 2584 1115 2638 et

211 2667 277 2771 ipsa
296 2669 342 2743 ell
359 2675 611 2771 comparationis
631 2696 744 2769 genuss
794 2674 903 2772 anue
921 2673 1037 2745 locum
1059 2675 1115 2741 has

210 2778 264 2848 liet
279 2780 427 2873 inprimis
449 2796 538 2861 tum,
564 2802 640 2847 curu
663 2773 894 2874 magnitudinis
916 2772 1115 2846 demonstra·

207 2887 287 2953 tioe
308 2880 390 2951 loeis
409 2875 636 2979 personarum,
668 2901 875 2981 temporum,
907 2874 1115 2969 efl'ec'tornns

205 3011 267 3086 que
283 2981 424 3055 ducitur.

262 3144 322 3212 39.
350 3116 405 3192 Ad
427 3146 534 3192 rerum
559 3115 697 3223 denique
717 3094 967 3211 intelligiliilium
989 3118 1116 3210 magna

207 3222 361 3299 tudinem
378 3221 627 3322 *intelligendam
653 3222 832 3321 plurimum
855 3214 987 3306 valebit,
1017 3217 1117 3290 fiens

207 3326 354 3431 quodam
377 3316 482 3401 modu
504 3326 544 3400 ad
567 3324 694 3399 sensum
715 3321 948 3396 reuocabimus.
1017 3313 1119 3417 Qud

205 3429 315 3534 ipsum
330 3432 369 3504 fit
384 3436 626 3533 comparatione
645 3456 722 3500 cum
742 3453 775 3498 re
790 3420 944 3509 scansili,
976 3449 1057 3525 quae
1078 3417 1119 3489 stt

206 3533 398 3637 perspicuae
419 3532 661 3635 magnitudinis.
735 3534 813 3603 Hoc
840 3525 944 3601 inodo
966 3528 1119 3602 Saurinuu

178 3678 180 3683 ·
207 3644 325 3715 trallat
337 3642 450 3745 aliquo
463 3640 539 3714 loco
554 3639 745 3711 aeternitatis
759 3639 941 3736 notionem,

1023 3812 1140 3894 0.sz
