2709 4434
454 380 536 475 cap.
559 382 589 454 I.
647 379 705 453 Dr
731 380 894 475 Epistolir.
1059 416 1127 487 ¹15

217 596 305 655 mus,
320 567 372 642 vel
389 569 610 667 obiurgamus,
617 567 673 670 vel·
683 593 870 657 monemur,
879 570 932 645 vel
946 569 1127 671 suademur,

215 675 268 749 uel
285 677 467 760 hortamur,
493 667 572 773 quid
587 669 763 744 dicendum
779 670 828 760 lit,
850 693 881 745 et
894 680 1063 777 quomodo
1077 714 1125 761 ar.

215 797 374 880 gumenta
388 772 578 875 reperienda
595 773 667 861 lint,
681 776 760 848 nihil
775 783 887 849 attinet
907 778 1024 869 dicere,
1048 815 1125 862 cum

215 883 330 957 talium
355 877 465 952 fontes
483 886 518 951 in
544 874 759 978 superioribus
786 878 1124 967 demonstrauerimus.

213 985 299 1061 lllud
307 1010 447 1059 monere
456 1010 525 1057 non
534 984 679 1055 alienum
688 981 738 1067 lit,
755 989 787 1055 in
797 986 977 1074 monendo
990 987 1123 1067 suaden-

213 1090 279 1178 do,
310 1084 557 1190 hortandoque,
591 1085 799 1186 prudentiam
819 1084 882 1161 elle
904 1088 1122 1173 adhibendam

213 1200 307 1280 banc,
318 1213 356 1267 vt
370 1189 549 1276 videamus,
562 1192 677 1292 quibus
692 1187 867 1265 scribimus.
895 1198 984 1269 Nam
998 1203 1120 1303 impru.

211 1294 343 1372 dentiae
357 1324 395 1370 ac
410 1300 596 1369 teineritatis
609 1291 659 1383 lit,
684 1292 854 1370 consilium
869 1295 944 1371 dare
958 1307 1033 1375 viris
1046 1332 1121 1404 pm.

214 1400 385 1487 dentibus,
404 1395 579 1473 senioribus
598 1419 629 1470 et
645 1402 839 1484 maioribus,
860 1422 916 1473 aut
928 1400 1038 1477 saltem
1050 1436 1120 1483 non

215 1498 536 1577 valdefamiliaribus.
558 1507 664 1601 Atque
674 1508 783 1587 etiarn,
793 1508 846 1576 vbi
856 1502 1023 1581 admittere
1032 1508 1121 1595 vide,

213 1602 494 1695 bitur-confilium
515 1627 546 1680 et
568 1609 828 1679 cohortationem
847 1604 1057 1705 personarum
1071 1642 1119 1687 ra.

209 1720 271 1797 tio,
287 1730 397 1783 tamen
408 1714 615 1787 humanitatis
630 1715 690 1781 erit
705 1730 737 1781 ct
749 1711 925 1810 elegantiae
940 1711 1118 1807 cuiusdam,

207 1811 416 1890 excusatione
432 1815 538 1917 aliqua
555 1834 586 1886 et
601 1812 803 1888 emollitionc
820 1819 881 1888 vti:
903 1815 1011 1905 veluti,
1025 1849 1117 1895 amo·

207 1948 240 1994 re
255 1946 319 1995 uos
331 1925 420 2015 cogi,
435 1926 491 2021 qui
502 1917 643 1993 fitetiarn
657 1914 822 1993 finecausa
833 1917 999 1995 sollicitus:
1013 1931 1118 2026 magia

208 2028 330 2097 amoris
345 2020 531 2111 declarandi
548 2017 636 2093 causa
652 2022 734 2109 ficri,
749 2053 848 2124 quam
859 2030 932 2126 quia
947 2025 1117 2105 uccellefit

212 2146 271 2203 etc.
321 2126 498 2228 Similique
513 2130 659 2199 cautione
677 2127 721 2198 cll
742 2154 825 2231 opus
838 2139 872 2201 in
886 2126 1115 2223 consolatione,
1138 2167 1146 2173 ·

212 2256 288 2335 quae
303 2254 338 2306 ct
353 2226 418 2332 ipsa
435 2231 480 2304 cll
493 2257 597 2331 genus
610 2228 786 2306 monendi:
817 2240 851 2304 in
864 2260 927 2333 qua
940 2240 1037 2308 etiam
1051 2243 1113 2312 hac

204 2332 412 2409 exmsatione
430 2336 538 2409 licebit
553 2339 615 2419 vti,
636 2330 727 2435 quod
747 2340 839 2431 graui
859 2334 972 2407 dolore
986 2339 1123 2435 percuss

202 2436 244 2516 fir
258 2468 331 2512 non
348 2464 537 2528 occurrant,
562 2464 643 2539 quae
663 2434 724 2507 lint
747 2434 868 2510 doloris
882 2439 1061 2516 minuendi.

257 2568 346 2637 25⁴·
382 2547 496 2647 Neque
523 2567 601 2615 vero
627 2547 803 2643 praeceptis
821 2537 947 2641 indiget
970 2542 1054 2618 ordo
1073 2574 1112 2621 ac

203 2640 383 2749 dispositio.
424 2650 513 2723 Nam
528 2673 585 2747 per
602 2640 632 2715 se
645 2643 891 2744 propemodum
910 2647 1111 2748 intelligitur,

202 2750 345 2825 liberum
367 2749 532 2825 interdum
555 2745 634 2837 else,
663 2768 770 2823 vtrum
791 2779 809 2823 a
830 2746 997 2824 causarum
1018 2778 1111 2828 corn·

202 2860 445 2929 memoratione
479 2860 619 2955 incipere
652 2852 746 2940 velis,
772 2883 814 2927 an
836 2881 1020 2955 proponere
1044 2864 1109 2961 pri·

203 2982 319 3044 mum,
345 2956 422 3060 quid
437 2959 537 3047 velis,
561 2954 678 3029 deinde
694 2955 801 3029 causas
817 2956 981 3035 subiicere.

255 3086 342 3154 255.
352 3059 432 3135 lllud
470 3090 575 3165 uoque
588 3058 686 3133 facile
697 3062 971 3161 intelligitur,r'10n
987 3059 1106 3140 eodem

155 3224 157 3231 ,
202 3162 308 3239 modo
322 3091 502 3239 scribendas
518 3162 580 3239 elle
597 3192 712 3237 omnes
726 3166 885 3265 epillolas.
916 3170 1005 3240 Nam
1024 3194 1107 3269 quae

201 3264 241 3341 ad
256 3266 446 3357 familiares,
467 3271 624 3371 aequales,
647 3263 837 3355 scribuntur,
855 3276 963 3344 minus
978 3272 1105 3347 artificii
1155 3332 1158 3337 .

201 3370 394 3461 defiderant,
435 3402 510 3448 uam
526 3401 605 3475 quae
623 3368 664 3442 ad
679 3398 830 3469 magnos,
851 3369 1019 3476 sapientes,
1041 3379 1105 3450 ele·

201 3470 328 3649 gentes,
352 3402 557 3580 eruditorque
579 3482 680 3559 viros,
706 3479 922 3579 grauibusque
942 3480 984 3555 de
1004 3478 1104 3552 caulis

213 3582 396 3653 cribuntur:
423 3587 457 3653 in
478 3583 594 3684 quibus
615 3579 774 3678 quaedam
796 3589 890 3679 copia
908 3604 940 3655 ct
962 3599 1103 3669 ornatuS,

202 3680 539 3785 inprirnisasententiis
549 3685 658 3765 acutis,
676 3688 781 3773 nouis,
794 3688 945 3783 grauibus
959 3708 991 3757 et
1005 3708 1102 3752 venu-

202 3784 261 3879 llie,
276 3809 310 3863 et
326 3788 506 3863 elaboratio
520 3783 679 3891 quaedam
694 3783 883 3886 diligentior
895 3786 1103 3955 exspeqlathug.

157 3914 159 3919 ·
672 3894 726 3993 (H
753 3902 794 3983 a)
1107 3936 1118 3955 ·
