2709 4434
279 380 353 436 tte
507 353 586 449 Cap.
612 354 652 427 1,
699 353 759 428 De
785 301 950 448 appulis.
1016 291 1023 298 ⁸

333 565 417 634 240.
442 545 590 616 Primrun
611 546 711 641 igitur
730 566 833 641 genus
850 539 1060 644 epistolarum
1082 538 1190 617 uersa·

278 673 330 724 tur
346 654 380 727 in
404 647 583 733 narrando,
613 643 713 747 idque
728 644 864 745 srmplex
879 646 925 719 ell
943 667 976 719 et
996 672 1120 722 vnum:
1146 648 1192 721 al·

276 776 384 829 terum
396 771 521 837 autem,
551 746 642 853 quod
656 752 756 823 habet
774 748 1046 851 fignificationem
1069 747 1194 841 sensus,

276 861 380 932 animi
395 856 630 957 voluntatisque
644 853 790 939 nollrae,
814 854 860 927 eil
874 854 1045 956 multiplex
1059 875 1094 929 et
1106 863 1193 930 vari·
1228 915 1229 948 3

277 989 349 1036 urn.
401 957 490 1036 Nam
512 980 584 1045 aut,
608 956 894 1059 quemadmodum
913 957 1015 1034 limus
1034 985 1113 1060 erga
1135 962 1191 1035 ali·

153 1135 159 1152 ,
277 1090 380 1169 quem
393 1060 512 1148 affee‘li,
527 1062 699 1162 significat,
712 1059 943 1151 liuevniuerse,
955 1063 1022 1136 flue
1047 1069 1095 1138 in.
1106 1085 1190 1140 vtra-

277 1198 341 1270 que
362 1172 429 1241 eius
448 1164 597 1254 fortuna,
614 1215 618 1232 ι
638 1170 856 1270 omnibusque
879 1170 1101 1268 temporibus,
1137 1190 1190 1244 aut

274 1270 356 1375 quid
371 1271 507 1344 velimus
522 1275 562 1344 ab
577 1298 618 1344 eo
630 1272 714 1358 fieri,
740 1269 890 1346 declarat.
939 1276 991 1346 Ex
1006 1278 1121 1375 primo
1136 1300 1190 1374 ge·

278 1403 355 1449 nere
371 1371 443 1449 sunt
456 1375 608 1475 epistolae
621 1404 699 1463 eae,
724 1376 840 1479 quibus
855 1402 1023 1462 amorem,
1045 1378 1189 1451 beneuo

273 1481 431 1566 lentiam,
474 1476 731 1567 observantiam,
778 1479 1060 1580 indignationem,
1106 1486 1187 1555 iram

276 1579 517 1686 fignifieamus,
564 1587 679 1685 quibus
704 1584 922 1683 gratulamur,
966 1580 1188 1673 consolamur,

278 1694 395 1790 gratias
410 1693 558 1788 agimus:
580 1713 621 1762 ex
634 1689 757 1781 altero,
782 1690 898 1789 quibus
911 1693 1053 1792 petimus
1069 1687 1185 1795 aliquid

229 1813 234 1820 “
279 1797 332 1866 vel
351 1793 446 1865 nobis
472 1792 523 1863 vel
542 1787 628 1876 aliis,
661 1788 862 1876 suademus,
880 1812 936 1865 aut
955 1788 1187 1869 dilluademus
1214 1851 1217 1860 .

277 1900 469 1997 Numquae
490 1889 593 1966 sunte
610 1893 737 1967 duobus
758 1895 931 1993 generibus
951 1901 1096 1987 mixtae,
1134 1924 1188 1973 eae

277 2005 445 2101 propriam
460 1993 607 2071 formam
622 2024 691 2072 non
703 1999 832 2071 habent.

270 2155 274 2164 -
333 2122 419 2195 241.
443 2100 500 2174 Est
513 2105 609 2173 etiam
624 2128 728 2200 genus
745 2092 954 2201 epistolarum
968 2105 1052 2176 inter
1071 2099 1186 2179 dottos

266 2210 428 2283 :homines
440 2201 601 2292 usitatum,
615 2205 656 2277 de
668 2200 775 2382 aliquo
789 2207 892 2307 capite
903 2206 1086 2296 dodlrinae,
1098 2215 1187 2299 item,

265 2309 320 2384 ›de
334 2327 424 2413 parte
438 2309 541 2410 aliqua
552 2301 679 2396 officii,
734 2338 750 2383 e
766 2312 922 2410 rebusque
935 2310 1092 2411 agendis,
1113 2343 1186 2419 qua·

271 2417 322 2493 les
339 2410 411 2488 sunt
432 2414 572 2487 Platonis
593 2413 764 2516 quaedam,
784 2412 1026 2503 Demosthenis,
1043 2414 1188 2495 Isocratis

276 2518 319 2594 ad
333 2517 519 2621 Philippum
533 2536 565 2591 et
578 2519 669 2593 aliae.
722 2516 786 2591 Sed
806 2520 879 2592 illas
895 2515 1129 2618 disputationes
1144 2551 1186 2597 re·

277 2628 372 2711 dlius,
394 2629 450 2697 has
468 2630 642 2711 orationes,
663 2650 763 2725 quam
784 2616 1083 2723 epistolas,'voces.
1133 2633 1186 2702 lta·

277 2756 342 2829 que
358 2747 529 2829 utrumque
548 2751 654 2827 genus
668 2748 838 2829 praecepta
859 2722 1104 2808 scribendarum
1125 2738 1186 2837 epi·

277 2833 432 2908 llola'rum
446 2857 515 2904 non
528 2838 699 2932 attingunt.

331 2963 415 3026 aaa.
443 2938 559 3039 Neque
570 2934 800 3038 epistolarum,
825 2961 908 3039 quae
922 2937 1056 3038 proprie
1072 2960 1183 3011 vocans

278 3057 341 3126 tur,
356 3044 502 3140 primurn
515 3065 628 3139 genus,
644 3037 734 3138 quod
749 3051 931 3118 narratione
945 3038 1084 3130 constat,
1101 3069 1184 3143 prae·

278 3164 371 3245 cepta
384 3150 513 3243 propria
528 3146 633 3229 habet,
650 3140 704 3216 sed
717 3161 823 3216 totum
837 3154 1024 3220 continetur
1039 3152 1092 3232 iis,
1109 3168 1187 3250 quse⁸

260 3245 321 3322 ··de
338 3244 485 3319 narrandi
500 3254 624 3321 ratione
637 3276 675 3321 ac
695 3244 801 3322 modo
821 3246 914 3351 supra
934 3261 950 3340 (
958 3253 1044 3327 sett.
1060 3255 1104 3329 11.
1119 3277 1185 3350 cap.

282 3359 338 3446 a.)
358 3349 507 3433 diximus.
546 3391 549 3401 ·
572 3353 779 3454 Relinquitur
799 3358 807 3424 i
834 3354 915 3442 itur,
956 3373 991 3429 vt
1011 3361 1185 3459 praecipis·

278 3481 353 3530 mus
367 3452 408 3527 de
423 3456 522 3527 altero
535 3484 670 3556 genere,
694 3455 784 3558 quod
805 3382 910 3531 densus
932 3458 1054 3547 nollri,
1087 3457 1185 3535 animi

222 3615 225 3620 ι
276 3560 514 3659 voluntatisque
529 3554 798 3662 significationem
816 3556 921 3637 habet.
1061 3638 1063 3644 ,

256 3723 260 3730 .
332 3687 415 3753 243.
438 3667 514 3741 Eius
530 3672 783 3764 auterngeueris
797 3666 964 3766 pleraeque
982 3660 1133 3755 formae,
1156 3679 1185 3739 vt
1220 3757 1222 3762 Ι

275 3763 371 3861 nobis
388 3764 524 3859 videtur,
536 3767 665 3844 duobus
679 3778 856 3876 praeceptis
870 3778 1094 3850 continentur:
1109 3795 1185 3873 quo·

1113 3901 1183 3950 rum
