2709 4434
163 316 175 463 ,ἱ
276 392 347 472 ιι“4
503 316 586 472 Ceu.
606 364 657 451 1.·'
688 372 749 451 De
771 344 975 496 Epistolitss·

275 572 425 644 roniana'u
439 559 587 662 epistolas
604 578 851 659 cognouerunt,
878 580 911 633 et
933 560 1040 662 aliqua
1059 566 1105 635 in'
1117 560 1186 636 tali·

277 674 343 757 bus¹
351 663 549 768 reperiendis
561 666 788 738 exercitatidne
799 662 846 736 vst
858 657 942 736 sunt.

277 786 284 821 -’
333 790 418 864 251.
445 775 593 844 Omnino
607 766 688 840 nihil
701 773 808 866 magis
821 763 1002 840 curandum
1015 764 1074 854 est,
1085 794 1190 868 quam

280 897 316 951 vt
327 874 389 951 ssnt
403 879 535 959 omnia,
559 883 641 974 qua'e
657 869 818 958 dicuntur,
844 867 992 972 personis
1004 899 1042 943 ac
1059 892 1190 974 tempo·

280 983 369 1058 ribus
383 975 454 1050 satis
468 996 552 1076 apta.
601 979 690 1049 Nam
712 981 746 1048 in
768 1001 808 1048 eo
828 977 875 1049 est
895 994 993 1075 caput
1011 981 1068 1048 rei.
1121 976 1190 1052 Ne-

283 1111 345 1187 que
359 1085 552 1156 communia
570 1075 813 1165 dicendumne,
834 1074 892 1154 sed
905 1083 1035 1181 propria
1055 1075 1191 1180 fingulie

282 1190 378 1261 rebus
401 1204 433 1255 et
452 1178 606 1284 personis.
680 1178 783 1284 Qod
805 1189 903 1261 etiam
925 1189 959 1257 in
979 1181 1122 1283 epistolis
1141 1189 1191 1269 iis,

284 1291 400 1393 quibus
414 1287 512 1361 libros
527 1288 620 1359 alicui
638 1283 847 1374 dedicamus,
876 1283 964 1390 quod
978 1283 1078 1363 hodie
1092 1284 1191 1362 uelde

247 1404 249 1409 '
282 1392 438 1473 ufitatum
451 1391 497 1463 est
510 1391 720 1493 epistolarum
740 1416 861 1490 genus,
884 1388 1082 1463 tenendum:
1112 1417 1190 1492 quaa

284 1496 472 1573 fivelitt'tue
490 1497 639 1595 probari,
676 1493 840 1568 debebunt
857 1489 919 1566 eise
941 1493 1122 1582 eiusmodi,
1156 1516 1192 1570 ut

281 1628 355 1681 uun
368 1598 473 1674 modo
486 1595 644 1699 persouis,
662 1593 717 1671 sed
731 1603 830 1671 etiam
841 1598 928 1671 libro
941 1603 1058 1698 cuique
1071 1605 1119 1676 ita
1130 1598 1193 1676 fint

284 1709 464 1807 propriae,·
481 1722 516 1775 vt
531 1703 609 1777 nulli
624 1700 678 1774 alii
693 1704 868 1775 conuenite
879 1700 1009 1801 poffint.
1056 1732 1060 1747 ¹

283 1838 288 1847 ·
315 1846 317 1849 ·
342 1830 429 1897 252.
450 1814 556 1906 Atque
570 1811 665 1880 huius
683 1810 729 1876 rei
741 1800 834 1877 causa
847 1803 1035 1879 audiorfim
1051 1808 1111 1894 iis,
1135 1815 1193 1909 qui

288 1908 429 2012 epistolis
445 1904 619 1980 scribendis
631 1934 779 1980 exercere
792 1913 911 1981 tirones
932 1909 1053 1994 velint,
1081 1936 1125 1982 ne
1143 1930 1191 1987 ati·

289 2035 446 2114 gumenta
467 2008 627 2084 scribendi
645 2031 833 2111 proponant
852 2013 947 2099 fieta,
979 2031 1035 2085 aut
1054 2015 1186 2103 infinita,

290 2144 397 2219 neque
412 2113 452 2188 ad
473 2111 622 2218 personas
637 2119 783 2195 incertas.
835 2118 925 2190 Nihil
949 2121 1040 2189 euim
1060 2115 1188 2193 adiuue-

289 2227 354 2293 rint
373 2217 414 2291 ad
437 2219 527 2294 illam
545 2214 733 2293 facultatem
761 2219 1033 2323 atque'iudiciutn
1056 2226 1194 2299 tirones:

173 2402 178 2411 ,
289 2312 395 2426 neque
409 2321 469 2422 ipsi
481 2319 551 2398 satis
563 2342 717 2425 poterunt
730 2321 889 2413 iudicate,
908 2329 1037 2400 reeteite
1051 2325 1196 2433 quidque

287 2425 416 2505 'dietum
439 2425 488 2517 fit,
509 2455 570 2502 nee
590 2455 649 2503 ne:
666 2448 861 2529 propterea,
891 2428 984 2532 quod
1002 2425 1131 2506 summa
1148 2440 1197 2507 rei

290 2532 383 2606 estin
398 2559 459 2617 eo,
482 2555 533 2620 vt,
554 2529 633 2634 quid
647 2527 790 2634 personis
803 2535 1065 2636 temporibusque
1077 2556 1197 2637 aptum

289 2633 340 2723 fit,
361 2633 537 2709 videamus.
571 2641 676 2737 Atque
688 2641 787 2708 etiam
801 2656 945 2711 vetetum
958 2637 1113 2737 epistolae
1127 2667 1196 2731 eae,

288 2761 372 2843 quae
393 2740 488 2814 fletae
505 2736 595 2825 suut,
630 2745 738 2812 minus
759 2739 918 2840 elegantes
937 2765 970 2814 et
991 2737 1103 2818 suaues
1123 2739 1198 2821 suut

288 2850 338 2930 tis,
357 2871 439 2945 quae
454 2848 617 2915 veritatem
631 2840 867 2943 expresserunt,
896 2843 952 2919 sed
966 2845 1088 2946 aliquid
1102 2843 1198 2925 scho-

289 2946 386 3020 lastici
404 2966 435 3016 et
457 2951 555 3047 inepti
577 2945 704 3044 plerum
728 2974 767 3019 ue
787 2951 923 3036 habent,
954 2951 1045 3052 quod
1067 2947 1196 3029 idoneo

289 3046 390 3122 iudici
402 3049 527 3148 placere
545 3075 613 3121 non
626 2974 739 3150 potefl.
791 3059 901 3154 Itaque
914 3060 1022 3156 potius
1036 3050 1079 3126 de
1100 3064 1196 3132 certis

289 3152 394 3239 tebus‘,
414 3150 455 3223 ad
468 3171 571 3243 pertas
580 3149 742 3250 personas,
764 3164 948 3259 accitisque
962 3153 1107 3257 personis
1120 3157 1194 3236 scii·

289 3257 336 3340 bi,
360 3273 414 3327 aut
425 3253 484 3329 suo
497 3262 640 3329 maxime
650 3263 785 3333 nomine
799 3256 934 3334 seribere
948 3263 1105 3337 iubebunt
1116 3271 1193 3339 tim·

289 3356 412 3430 netad
442 3356 591 3459 personas
620 3357 819 3450 satiemus,
858 3386 890 3439 et
917 3364 1072 3451 derebus
1091 3375 1193 3458 notia

290 3467 474 3563 euentisque
491 3468 639 3561 cognitis.
675 3472 725 3538 lta
738 3487 769 3537 et
782 3473 814 3540 hi
829 3465 956 3559 facilius
968 3469 1010 3542 ad
1029 3477 1193 3573 reperien-

290 3564 371 3637 dum
389 3565 664 3666 iudicandumque
683 3592 852 3658 acuemus,
881 3595 914 3645 et
940 3571 999 3674 ipsi
1019 3578 1140 3651 reettus
1160 3596 1193 3651 et

288 3675 402 3741 certius
417 3675 451 3741 in
466 3669 671 3745 emendando
684 3695 836 3773 poterunt
850 3676 976 3752 versari.

337 3797 425 3866 253.
448 3779 486 3846 ln
505 3775 645 3875 epistulis
664 3803 765 3877 porto
787 3787 842 3869 iis,
871 3784 986 3884 quibus
1004 3780 1058 3856 vel
1078 3781 1191 3857 lauda·

533 3935 538 3947 ·
1105 3914 1190 3975 mus,
