2709 4434
257 334 305 403 34
339 300 420 405 &p
433 309 481 387 V.
525 310 1117 407 vrttes-Generismmafirattut

250 499 333 572 llate
355 501 641 587 coniunslionem,
673 499 715 574 de
729 528 793 602 qua
807 526 890 596 mox
907 498 1041 574 dicetur.
1087 504 1167 581 ¹V'n·

255 602 297 675 de
314 603 371 688 fit,
392 622 427 675 vt
449 603 524 677 finis
543 611 637 678 huius
655 610 783 704 generis
802 602 859 691 iit,
886 611 1010 678 virtutis
1030 624 1063 677 et
1083 611 1168 691 vitii,

254 705 428 781 honestatis
441 707 713 810 turpitudinisque
730 714 856 810 opinio,

249 866 253 873 .
312 835 371 901 ςηι
393 814 544 884 Subieela
563 839 662 912 porro
675 819 752 886 huic
763 816 895 912 generi,
926 831 1083 911 tanquam
1098 838 1167 884 ma·

255 920 354 999 teria,
377 910 450 985 sunt
462 921 593 1001 omnia,
625 919 791 1018 inquibus
809 911 986 1000 infantes,
1018 941 1101 1014 quae
1123 911 1168 987 ad

256 1023 451 1117 opinionem
489 1019 661 1093 honestatis
680 1016 970 1120 turpitudinisque
1013 1045 1167 1092 commo·

178 1148 181 1156 ·
256 1119 399 1193 vendam
411 1118 532 1195 idonee
541 1129 754 1223 reperiuntur.
803 1119 938 1197 Easutst
953 1122 1005 1195 vel
1019 1148 1089 1209 m,
1114 1123 1168 1198 vel

251 1223 417 1321 perseum
585 1313 587 1321 Ι

315 1351 373 1430 53.
400 1325 655 1426 Intelligendum
669 1333 769 1428 igitur
784 1324 830 1400 ett
843 1332 893 1412 iis,
909 1334 964 1427 qui
980 1334 1015 1401 in
1028 1332 1090 1401 hoc
1104 1353 1164 1425 ge·

257 1456 335 1505 nere
361 1428 497 1506 feliciter
526 1432 626 1506 velint
651 1428 786 1518 versari,
832 1438 979 1532 primum
1008 1425 1163 1518 vniuerse,

227 1552 229 1563 '
257 1536 372 1638 quibus
387 1564 428 1611 ex
451 1538 545 1610 rebus
566 1542 683 1637 opinio
703 1535 876 1610 honestatis
896 1534 1168 1637 turpitudinisque

257 1636 426 1729 nascatur‚
453 1667 537 1741 quae
560 1639 695 1712 honesta
716 1659 749 1712 et
768 1644 873 1738 turpia
891 1639 943 1710 vel
963 1638 1025 1712 lint
1042 1658 1170 1725 natura,

259 1744 312 1816 vel
325 1765 499 1843 putentur,
523 1768 617 1815 more
636 1761 733 1842 atque
751 1747 925 1840 opiniones
946 1739 1065 1814 deinde
1086 1765 1167 1843 quo·

259 1843 366 1919 modo
391 1849 432 1918 ab
459 1848 529 1931 luis,
572 1849 608 1915 in
636 1846 730 1917 rebus
754 1840 960 1948 personisque
982 1845 1172 1944 laudandis

247 1967 451 2049 tegumenta
467 1945 634 2021 ducantur.
1070 2028 1071 2033 ἵ

317 2075 375 2146 54.
398 2059 487 2136 lam,
516 2057 672 2153 quoniam
694 2051 819 2124 bonelli
836 2057 967 2152 propria
987 2074 1019 2123 et
1037 2080 1102 2123 una
1123 2049 1172 2124 se·

261 2152 377 2228 desest
400 2162 435 2230 in
456 2160 593 2241 virtute,
624 2153 780 2242 efficitur,
806 2176 842 2227 vt
860 2155 1031 2229 honestatis
1049 2156 1172 2254 opinio

260 2254 423 2344 nascatur,
464 2286 533 2331 non
558 2255 663 2332 modo
690 2261 731 2332 ab
752 2255 818 2359 ipsa
843 2265 973 2350 virtute,
1014 2254 1054 2328 de
1072 2265 1174 2332 cuius

260 2365 405 2465 partibus
420 2360 604 2464 Philosophi
624 2361 773 2449 tradunt,
796 2359 850 2435 sed
870 2369 986 2450 etiamt
1016 2366 1173 2465 primum

262 2468 305 2541 ab
322 2469 360 2541 iis
379 2469 499 2554 rebus,¹
519 2497 600 2570 quae
623 2465 694 2542 sunt
714 2467 756 2541 ad
777 2473 930 2542 virtutem
951 2467 1003 2539 vel
1026 2464 1172 2541 efficien-

234 2602 237 2609 ·
261 2567 360 2670 dam,
395 2571 448 2644 vel
472 2569 744 2659 conseruandam‚
773 2571 825 2667 vel
848 2567 1035 2671 augendam
1056 2591 1170 2673 aptae3

260 2664 411 2748 deindea
430 2680 546 2749 virtute
561 2694 669 2762 ortae,
694 2704 756 2748 nec
770 2672 837 2747 sure
855 2682 970 2748 virtute
985 2674 1093 2775 aliqua
1119 2682 1169 2746 in·

259 2778 364 2877 telligi
384 2775 533 2879 possunt,
568 2800 603 2851 vt
626 2778 750 2880 pudo'r‚
778 2784 966 2851 iniuriarum
986 2778 1169 2881 perpe-istm

260 2878 400 2983 denique
410 2890 567 2973 uirtutem
582 2884 700 2955 liabent
721 2876 915 2955 effieientem
929 2880 993 2969 sui,
1021 2905 1054 2954 vt
1073 2881 1170 2955 forti-

261 3002 311 3087 tes:
369 2986 466 3077 ulle,
505 2988 737 3088 liberaliterque
764 2985 858 3060 saeta.
930 2984 1169 3087 Turpitudinis

261 3014 421 3175 cogita
439 3090 599 3167 estratio.
678 3097 784 3192 ¹Atque
806 3096 840 3189 hi
861 3089 924 3163 loci
947 3097 1170 3191 principatum

259 3203 396 3265 tenente
446 3202 565 3299 quippe
593 3203 746 3299 proxime
769 3224 851 3270 ¹cum
880 3201 994 3268 virtute
1022 3201 1168 3297 vitioque

257 3299 439 3373 ooniunffl.

215 3418 218 3425 '
316 3396 376 3495 553.
400 3398 465 3475 Sed
484 3396 555 3473 sunt
573 3408 670 3475 etiam
698 3404 772 3490 alii,
811 3405 1002 3479 remotiores
1029 3401 1074 3473 illi
1096 3406 1165 3502 qui-

162 3530 171 3539 ·
242 3496 357 3595 Idm,
401 3500 455 3579 sed
480 3525 589 3579 tamen
609 3526 642 3578 et
669 3506 728 3605 ipsi
747 3508 788 3579 ab
814 3511 863 3578 ltis
895 3502 983 3577 dudli
1008 3501 1165 3579 fontibus.

370 3630 403 3683 et
419 3600 552 3683 honesta
569 3629 740 3708 putantur,
767 3636 848 3710 quae
873 3636 941 3680 rara
969 3630 1000 3681 et
1020 3607 1166 3683 difficilia

377 3738 458 3817 qute
478 3709 612 3820 prosunt
633 3712 720 3811 aliis,
742 3713 794 3789 vel
811 3709 905 3799 sotis,
928 3714 979 3786 vel
999 3718 1166 3787 maxime:

1073 3835 1167 3905 nem,
