<?xml version="1.0" encoding="UTF-8"?>
<!DOCTYPE html PUBLIC "-//W3C//DTD XHTML 1.0 Transitional//EN"
    "http://www.w3.org/TR/xhtml1/DTD/xhtml1-transitional.dtd">
<html xmlns="http://www.w3.org/1999/xhtml" xml:lang="en" lang="en">
 <head>
  <title>
</title>
<meta http-equiv="Content-Type" content="text/html;charset=utf-8" />
  <meta name='ocr-system' content='tesseract 3.04.00' />
  <meta name='ocr-capabilities' content='ocr_page ocr_carea ocr_par ocr_line ocrx_word'/>
</head>
<body>
  <div class='ocr_page' id='page_1' title='image "./initiarhetorica00ernegoog_0043.png"; bbox 0 0 2709 4434; ppageno 0'>
   <div class='ocr_carea' id='block_1_1' title="bbox 277 352 1140 483">
    <p class='ocr_par' dir='ltr' id='par_1_1' title="bbox 277 352 1140 483">
     <span class='ocr_line' id='line_1_1' title="bbox 277 352 1140 483; baseline -0.002 -30"><span class='ocrx_word' id='word_1_1' title='bbox 277 360 420 483; x_wconf 61' lang='lat' dir='ltr'>QV-</span> <span class='ocrx_word' id='word_1_2' title='bbox 459 352 1057 455; x_wconf 55' lang='lat' dir='ltr'>Dtb‘i‘fflflffl</span> <span class='ocrx_word' id='word_1_3' title='bbox 1089 382 1140 451; x_wconf 80' lang='lat' dir='ltr'>st</span> 
     </span>
    </p>
   </div>
   <div class='ocr_carea' id='block_1_2' title="bbox 216 541 1142 3758">
    <p class='ocr_par' dir='ltr' id='par_1_2' title="bbox 219 541 1142 1272">
     <span class='ocr_line' id='line_1_2' title="bbox 224 541 1140 651; baseline -0.008 -28"><span class='ocrx_word' id='word_1_4' title='bbox 224 547 266 623; x_wconf 90' lang='lat' dir='ltr'>da</span> <span class='ocrx_word' id='word_1_5' title='bbox 281 547 334 636; x_wconf 87' lang='lat' dir='ltr'>stt,</span> <span class='ocrx_word' id='word_1_6' title='bbox 349 545 522 621; x_wconf 80' lang='lat' dir='ltr'>reducetur</span> <span class='ocrx_word' id='word_1_7' title='bbox 533 543 574 619; x_wconf 89' lang='lat' dir='ltr'>ad</span> <span class='ocrx_word' id='word_1_8' title='bbox 586 543 790 619; x_wconf 80' lang='lat' dir='ltr'>honestatem</span> <span class='ocrx_word' id='word_1_9' title='bbox 805 541 885 646; x_wconf 66' lang='lat' dir='ltr'>ipsa,</span> <span class='ocrx_word' id='word_1_10' title='bbox 898 542 937 631; x_wconf 79' lang='lat' dir='ltr'>fi,</span> <span class='ocrx_word' id='word_1_11' title='bbox 952 544 1034 649; x_wconf 76' lang='lat' dir='ltr'>qnid</span> <span class='ocrx_word' id='word_1_12' title='bbox 1045 553 1140 651; x_wconf 77' lang='lat' dir='ltr'>inge·</span> 
     </span>
     <span class='ocr_line' id='line_1_3' title="bbox 221 649 1139 753; baseline 0 -26"><span class='ocrx_word' id='word_1_13' title='bbox 221 661 291 738; x_wconf 74' lang='lat' dir='ltr'>nii,</span> <span class='ocrx_word' id='word_1_14' title='bbox 318 649 436 736; x_wconf 81' lang='lat' dir='ltr'>studii,</span> <span class='ocrx_word' id='word_1_15' title='bbox 456 650 648 753; x_wconf 75' lang='lat' dir='ltr'>laborisque,</span> <span class='ocrx_word' id='word_1_16' title='bbox 668 650 722 723; x_wconf 84' lang='lat' dir='ltr'>vel</span> <span class='ocrx_word' id='word_1_17' title='bbox 739 656 777 724; x_wconf 85' lang='lat' dir='ltr'>iu</span> <span class='ocrx_word' id='word_1_18' title='bbox 789 650 1010 737; x_wconf 76' lang='lat' dir='ltr'>incertitudo,</span> <span class='ocrx_word' id='word_1_19' title='bbox 1031 654 1089 727; x_wconf 80' lang='lat' dir='ltr'>sel</span> <span class='ocrx_word' id='word_1_20' title='bbox 1100 660 1139 728; x_wconf 87' lang='lat' dir='ltr'>in</span> 
     </span>
     <span class='ocr_line' id='line_1_4' title="bbox 222 753 1139 857; baseline 0.002 -28"><span class='ocrx_word' id='word_1_21' title='bbox 222 753 403 841; x_wconf 83' lang='lat' dir='ltr'>discendo,</span> <span class='ocrx_word' id='word_1_22' title='bbox 422 761 575 856; x_wconf 81' lang='lat' dir='ltr'>requirat,</span> <span class='ocrx_word' id='word_1_23' title='bbox 593 782 693 856; x_wconf 85' lang='lat' dir='ltr'>qnam</span> <span class='ocrx_word' id='word_1_24' title='bbox 712 759 748 827; x_wconf 92' lang='lat' dir='ltr'>in</span> <span class='ocrx_word' id='word_1_25' title='bbox 766 753 1139 857; x_wconf 72' lang='lat' dir='ltr'>bonellisetpmdaris</span> 
     </span>
     <span class='ocr_line' id='line_1_5' title="bbox 225 854 1141 962; baseline 0 -29"><span class='ocrx_word' id='word_1_26' title='bbox 225 863 325 933; x_wconf 89' lang='lat' dir='ltr'>rebus</span> <span class='ocrx_word' id='word_1_27' title='bbox 347 854 500 945; x_wconf 82' lang='lat' dir='ltr'>versetur,</span> <span class='ocrx_word' id='word_1_28' title='bbox 530 886 630 962; x_wconf 79' lang='lat' dir='ltr'>quatu</span> <span class='ocrx_word' id='word_1_29' title='bbox 656 858 710 932; x_wconf 81' lang='lat' dir='ltr'>vel</span> <span class='ocrx_word' id='word_1_30' title='bbox 738 857 947 961; x_wconf 74' lang='lat' dir='ltr'>prnthrtiun</span> <span class='ocrx_word' id='word_1_31' title='bbox 970 865 1141 933; x_wconf 85' lang='lat' dir='ltr'>virtutern-</span> 
     </span>
     <span class='ocr_line' id='line_1_6' title="bbox 227 959 1142 1067; baseline -0.001 -32"><span class='ocrx_word' id='word_1_32' title='bbox 227 992 290 1066; x_wconf 89' lang='lat' dir='ltr'>que</span> <span class='ocrx_word' id='word_1_33' title='bbox 315 959 523 1067; x_wconf 82' lang='lat' dir='ltr'>discentium,</span> <span class='ocrx_word' id='word_1_34' title='bbox 547 964 600 1036; x_wconf 79' lang='lat' dir='ltr'>vel</span> <span class='ocrx_word' id='word_1_35' title='bbox 625 964 801 1037; x_wconf 72' lang='lat' dir='ltr'>utilitatem</span> <span class='ocrx_word' id='word_1_36' title='bbox 825 962 970 1037; x_wconf 84' lang='lat' dir='ltr'>aliorum</span> <span class='ocrx_word' id='word_1_37' title='bbox 993 960 1142 1049; x_wconf 71' lang='lat' dir='ltr'>adiuuet.</span> 
     </span>
     <span class='ocr_line' id='line_1_7' title="bbox 224 1064 1140 1168; baseline 0 -28"><span class='ocrx_word' id='word_1_38' title='bbox 224 1090 344 1168; x_wconf 89' lang='lat' dir='ltr'>quanto</span> <span class='ocrx_word' id='word_1_39' title='bbox 359 1066 532 1141; x_wconf 88' lang='lat' dir='ltr'>inhonore</span> <span class='ocrx_word' id='word_1_40' title='bbox 549 1064 677 1167; x_wconf 85' lang='lat' dir='ltr'>semper</span> <span class='ocrx_word' id='word_1_41' title='bbox 693 1069 803 1141; x_wconf 80' lang='lat' dir='ltr'>habita</span> <span class='ocrx_word' id='word_1_42' title='bbox 813 1065 864 1153; x_wconf 81' lang='lat' dir='ltr'>lit,</span> <span class='ocrx_word' id='word_1_43' title='bbox 885 1065 1140 1140; x_wconf 71' lang='lat' dir='ltr'>denonl&#39;betur.</span> 
     </span>
     <span class='ocr_line' id='line_1_8' title="bbox 219 1169 912 1272; baseline 0 -26"><span class='ocrx_word' id='word_1_44' title='bbox 219 1177 286 1247; x_wconf 86' lang='lat' dir='ltr'>Res</span> <span class='ocrx_word' id='word_1_45' title='bbox 304 1169 425 1244; x_wconf 88' lang='lat' dir='ltr'>deinde</span> <span class='ocrx_word' id='word_1_46' title='bbox 445 1170 591 1271; x_wconf 83' lang='lat' dir='ltr'>lingulae</span> <span class='ocrx_word' id='word_1_47' title='bbox 612 1171 690 1245; x_wconf 71' lang='lat' dir='ltr'>isne</span> <span class='ocrx_word' id='word_1_48' title='bbox 704 1173 912 1272; x_wconf 86' lang='lat' dir='ltr'>augebuntur</span> 
     </span>
    </p>

    <p class='ocr_par' dir='ltr' id='par_1_3' title="bbox 218 1272 892 1361">
     <span class='ocr_line' id='line_1_9' title="bbox 218 1272 892 1361; baseline 0.003 -12"><span class='ocrx_word' id='word_1_49' title='bbox 218 1278 366 1349; x_wconf 84' lang='lat' dir='ltr'>tionibus</span> <span class='ocrx_word' id='word_1_50' title='bbox 405 1272 512 1346; x_wconf 77' lang='lat' dir='ltr'>duffls</span> <span class='ocrx_word' id='word_1_51' title='bbox 549 1299 570 1345; x_wconf 86' lang='lat' dir='ltr'>e</span> <span class='ocrx_word' id='word_1_52' title='bbox 600 1273 681 1347; x_wconf 78' lang='lat' dir='ltr'>locis</span> <span class='ocrx_word' id='word_1_53' title='bbox 705 1272 892 1361; x_wconf 71' lang='lat' dir='ltr'>mbrous,</span> 
     </span>
    </p>

    <p class='ocr_par' dir='ltr' id='par_1_4' title="bbox 219 1377 738 1475">
     <span class='ocr_line' id='line_1_10' title="bbox 219 1377 738 1475; baseline 0 -23"><span class='ocrx_word' id='word_1_54' title='bbox 219 1377 379 1461; x_wconf 75' lang='lat' dir='ltr'>loturae,</span> <span class='ocrx_word' id='word_1_55' title='bbox 398 1381 652 1475; x_wconf 81' lang='lat' dir='ltr'>comparationis</span> <span class='ocrx_word' id='word_1_56' title='bbox 672 1399 738 1452; x_wconf 85' lang='lat' dir='ltr'>etc.</span> 
     </span>
    </p>

    <p class='ocr_par' dir='ltr' id='par_1_5' title="bbox 216 1475 1138 3758">
     <span class='ocr_line' id='line_1_11' title="bbox 284 1475 1137 1580; baseline -0.001 -28"><span class='ocrx_word' id='word_1_57' title='bbox 284 1488 348 1564; x_wconf 87' lang='lat'>63.</span> <span class='ocrx_word' id='word_1_58' title='bbox 374 1481 531 1551; x_wconf 88' lang='lat' dir='ltr'>Ceterum</span> <span class='ocrx_word' id='word_1_59' title='bbox 552 1481 616 1552; x_wconf 85' lang='lat' dir='ltr'>hoc</span> <span class='ocrx_word' id='word_1_60' title='bbox 628 1482 662 1550; x_wconf 91' lang='lat' dir='ltr'>in</span> <span class='ocrx_word' id='word_1_61' title='bbox 678 1503 799 1580; x_wconf 85' lang='lat' dir='ltr'>genere</span> <span class='ocrx_word' id='word_1_62' title='bbox 809 1485 957 1554; x_wconf 85' lang='lat' dir='ltr'>maxime</span> <span class='ocrx_word' id='word_1_63' title='bbox 966 1475 1137 1579; x_wconf 71' lang='lat' dir='ltr'>prudn&#39;n</span> 
     </span>
     <span class='ocr_line' id='line_1_12' title="bbox 226 1578 1138 1656; baseline -0.001 -2"><span class='ocrx_word' id='word_1_64' title='bbox 226 1579 416 1654; x_wconf 85' lang='lat' dir='ltr'>adhibenda</span> <span class='ocrx_word' id='word_1_65' title='bbox 430 1578 677 1656; x_wconf 68' lang='lat' dir='ltr'>estin-delectu.</span> <span class='ocrx_word' id='word_1_66' title='bbox 727 1584 808 1656; x_wconf 83' lang='lat' dir='ltr'>Nou</span> <span class='ocrx_word' id='word_1_67' title='bbox 827 1589 917 1656; x_wconf 86' lang='lat' dir='ltr'>euim</span> <span class='ocrx_word' id='word_1_68' title='bbox 940 1588 1053 1656; x_wconf 80' lang='lat' dir='ltr'>mutia</span> <span class='ocrx_word' id='word_1_69' title='bbox 1071 1582 1138 1653; x_wconf 84' lang='lat' dir='ltr'>vbi·</span> 
     </span>
     <span class='ocr_line' id='line_1_13' title="bbox 220 1680 1137 1787; baseline 0.001 -31"><span class='ocrx_word' id='word_1_70' title='bbox 220 1712 288 1786; x_wconf 88' lang='lat' dir='ltr'>que</span> <span class='ocrx_word' id='word_1_71' title='bbox 310 1690 411 1756; x_wconf 89' lang='lat' dir='ltr'>nimis</span> <span class='ocrx_word' id='word_1_72' title='bbox 424 1680 736 1759; x_wconf 80' lang='lat' dir='ltr'>curiol&#39;eetminute</span> <span class='ocrx_word' id='word_1_73' title='bbox 746 1685 975 1787; x_wconf 67' lang='lat' dir='ltr'>coarguenda,</span> <span class='ocrx_word' id='word_1_74' title='bbox 999 1680 1055 1757; x_wconf 85' lang='lat' dir='ltr'>sed</span> <span class='ocrx_word' id='word_1_75' title='bbox 1068 1710 1137 1757; x_wconf 78' lang='grc' dir='ltr'>ωι-</span> 
     </span>
     <span class='ocr_line' id='line_1_14' title="bbox 216 1787 1135 1969; baseline -0.001 -4"><span class='ocrx_word' id='word_1_76' title='bbox 216 1787 779 1966; x_wconf 45' lang='lat' dir='ltr'>sustulisse*</span> <span class='ocrx_word' id='word_1_77' title='bbox 850 1812 1135 1969; x_wconf 52' lang='lat' dir='ltr'>usus·</span> 
     </span>
     <span class='ocr_line' id='line_1_15' title="bbox 218 1920 1136 2098; baseline 0.007 -30"><span class='ocrx_word' id='word_1_78' title='bbox 218 1995 329 2096; x_wconf 86' lang='lat' dir='ltr'>genda</span> <span class='ocrx_word' id='word_1_79' title='bbox 350 1920 400 2068; x_wconf 86' lang='lat' dir='ltr'>etq</span> <span class='ocrx_word' id='word_1_80' title='bbox 404 1992 642 2098; x_wconf 85' lang='lat' dir='ltr'>persequenda:</span> <span class='ocrx_word' id='word_1_81' title='bbox 670 2016 705 2071; x_wconf 93' lang='lat' dir='ltr'>et</span> <span class='ocrx_word' id='word_1_82' title='bbox 723 2002 823 2073; x_wconf 74' lang='lat' dir='ltr'>nimis</span> <span class='ocrx_word' id='word_1_83' title='bbox 840 2005 914 2073; x_wconf 81' lang='lat' dir='ltr'>tn&#39;ta</span> <span class='ocrx_word' id='word_1_84' title='bbox 1096 2002 1136 2067; x_wconf 78' lang='lat' dir='ltr'>it·</span> 
     </span>
     <span class='ocr_line' id='line_1_16' title="bbox 222 2095 1135 2177; baseline 0.001 -7"><span class='ocrx_word' id='word_1_85' title='bbox 222 2099 319 2172; x_wconf 85' lang='lat' dir='ltr'>tenda</span> <span class='ocrx_word' id='word_1_86' title='bbox 337 2096 421 2172; x_wconf 88' lang='lat' dir='ltr'>sunt.</span> <span class='ocrx_word' id='word_1_87' title='bbox 473 2105 557 2174; x_wconf 84' lang='lat' dir='ltr'>Eam</span> <span class='ocrx_word' id='word_1_88' title='bbox 581 2120 677 2175; x_wconf 75' lang='lat' dir='ltr'>scatet</span> <span class='ocrx_word' id='word_1_89' title='bbox 696 2100 796 2176; x_wconf 73' lang='lat' dir='ltr'>ledio</span> <span class='ocrx_word' id='word_1_90' title='bbox 808 2122 843 2177; x_wconf 92' lang='lat' dir='ltr'>et</span> <span class='ocrx_word' id='word_1_91' title='bbox 945 2100 1071 2175; x_wconf 82' lang='lat' dir='ltr'>deratio</span> <span class='ocrx_word' id='word_1_92' title='bbox 1084 2095 1135 2171; x_wconf 85' lang='lat' dir='ltr'>di·</span> 
     </span>
     <span class='ocr_line' id='line_1_17' title="bbox 224 2203 1135 2304; baseline 0.005 -28"><span class='ocrx_word' id='word_1_93' title='bbox 224 2203 326 2303; x_wconf 89' lang='lat' dir='ltr'>ligens</span> <span class='ocrx_word' id='word_1_94' title='bbox 348 2204 576 2304; x_wconf 77' lang='lat' dir='ltr'>exemplunm</span> <span class='ocrx_word' id='word_1_95' title='bbox 597 2227 749 2279; x_wconf 75' lang='lat' dir='ltr'>vetem</span> <span class='ocrx_word' id='word_1_96' title='bbox 767 2232 810 2279; x_wconf 81' lang='lat' dir='ltr'>ex</span> <span class='ocrx_word' id='word_1_97' title='bbox 828 2232 872 2280; x_wconf 90' lang='lat' dir='ltr'>eo</span> <span class='ocrx_word' id='word_1_98' title='bbox 1093 2208 1135 2281; x_wconf 78' lang='lat' dir='ltr'>ln</span> 
     </span>
     <span class='ocr_line' id='line_1_18' title="bbox 224 2305 1136 2409; baseline 0.005 -30"><span class='ocrx_word' id='word_1_99' title='bbox 224 2309 338 2409; x_wconf 89' lang='lat' dir='ltr'>quibus</span> <span class='ocrx_word' id='word_1_100' title='bbox 355 2314 498 2382; x_wconf 81' lang='lat' dir='ltr'>maxime</span> <span class='ocrx_word' id='word_1_101' title='bbox 511 2308 645 2382; x_wconf 84' lang='lat' dir='ltr'>illustres</span> <span class='ocrx_word' id='word_1_102' title='bbox 666 2305 851 2405; x_wconf 61' lang='grc' dir='ltr'><strong><em>ἐπιτάφιοι</em></strong></span> <span class='ocrx_word' id='word_1_103' title='bbox 870 2326 974 2403; x_wconf 76' lang='grc' dir='ltr'><strong><em>λιγιι</em></strong></span> <span class='ocrx_word' id='word_1_104' title='bbox 990 2312 1136 2383; x_wconf 78' lang='lat' dir='ltr'>onem·</span> 
     </span>
     <span class='ocr_line' id='line_1_19' title="bbox 225 2408 1135 2512; baseline 0.005 -29"><span class='ocrx_word' id='word_1_105' title='bbox 225 2439 320 2496; x_wconf 82' lang='lat' dir='ltr'>rum,</span> <span class='ocrx_word' id='word_1_106' title='bbox 338 2413 468 2486; x_wconf 76' lang='lat' dir='ltr'>Periclis</span> <span class='ocrx_word' id='word_1_107' title='bbox 487 2411 576 2512; x_wconf 87' lang='lat' dir='ltr'>apud</span> <span class='ocrx_word' id='word_1_108' title='bbox 594 2408 835 2505; x_wconf 79' lang='lat' dir='ltr'>Thucydidem</span> <span class='ocrx_word' id='word_1_109' title='bbox 849 2419 895 2502; x_wconf 88' lang='lat'>11,</span> <span class='ocrx_word' id='word_1_110' title='bbox 913 2439 972 2504; x_wconf 77' lang='lat'>35.</span> <span class='ocrx_word' id='word_1_111' title='bbox 1006 2408 1135 2507; x_wconf 72' lang='lat' dir='ltr'>cyfi-e,</span> 
     </span>
     <span class='ocr_line' id='line_1_20' title="bbox 227 2511 1135 2619; baseline 0.004 -34"><span class='ocrx_word' id='word_1_112' title='bbox 227 2513 388 2601; x_wconf 85' lang='lat' dir='ltr'>Platonis,</span> <span class='ocrx_word' id='word_1_113' title='bbox 410 2511 575 2601; x_wconf 82' lang='lat' dir='ltr'>Isocratis,</span> <span class='ocrx_word' id='word_1_114' title='bbox 599 2513 890 2592; x_wconf 80' lang='lat' dir='ltr'>etDemofflreuis:</span> <span class='ocrx_word' id='word_1_115' title='bbox 909 2518 1022 2619; x_wconf 80' lang='lat' dir='ltr'>elogia</span> <span class='ocrx_word' id='word_1_116' title='bbox 1036 2517 1135 2591; x_wconf 86' lang='lat' dir='ltr'>The·</span> 
     </span>
     <span class='ocr_line' id='line_1_21' title="bbox 227 2615 1132 2720; baseline 0.006 -30"><span class='ocrx_word' id='word_1_117' title='bbox 227 2616 380 2692; x_wconf 81' lang='lat' dir='ltr'>mistoclis</span> <span class='ocrx_word' id='word_1_118' title='bbox 392 2615 765 2720; x_wconf 81' lang='lat' dir='ltr'>apudThucydidemL</span> <span class='ocrx_word' id='word_1_119' title='bbox 779 2639 861 2710; x_wconf 79' lang='lat'>138.</span> <span class='ocrx_word' id='word_1_120' title='bbox 885 2618 1132 2697; x_wconf 78' lang='lat' dir='ltr'>Athenienfiuut</span> 
     </span>
     <span class='ocr_line' id='line_1_22' title="bbox 224 2722 1132 2816; baseline 0.003 -17"><span class='ocrx_word' id='word_1_121' title='bbox 224 2728 251 2809; x_wconf 85' lang='lat'>1,</span> <span class='ocrx_word' id='word_1_122' title='bbox 268 2748 350 2812; x_wconf 81' lang='lat'><strong>¹70.</strong></span> <span class='ocrx_word' id='word_1_123' title='bbox 364 2722 496 2797; x_wconf 78' lang='lat' dir='ltr'>Periclis</span> <span class='ocrx_word' id='word_1_124' title='bbox 510 2728 554 2809; x_wconf 78' lang='lat'>11,</span> <span class='ocrx_word' id='word_1_125' title='bbox 567 2730 627 2816; x_wconf 82' lang='lat'>65.</span> <span class='ocrx_word' id='word_1_126' title='bbox 642 2726 791 2797; x_wconf 84' lang='lat' dir='ltr'>Ciuitatis</span> <span class='ocrx_word' id='word_1_127' title='bbox 802 2724 1004 2800; x_wconf 80' lang='lat' dir='ltr'>Athenienlis</span> <span class='ocrx_word' id='word_1_128' title='bbox 1018 2729 1060 2810; x_wconf 85' lang='lat'>11,</span> <span class='ocrx_word' id='word_1_129' title='bbox 1069 2748 1132 2813; x_wconf 70' lang='grc' dir='ltr'>ιο.</span> 
     </span>
     <span class='ocr_line' id='line_1_23' title="bbox 223 2821 1132 2926; baseline 0.003 -27"><span class='ocrx_word' id='word_1_130' title='bbox 223 2851 285 2916; x_wconf 79' lang='lat'>41.</span> <span class='ocrx_word' id='word_1_131' title='bbox 309 2832 410 2912; x_wconf 85' lang='lat' dir='ltr'>item,</span> <span class='ocrx_word' id='word_1_132' title='bbox 439 2824 527 2926; x_wconf 87' lang='lat' dir='ltr'>apud</span> <span class='ocrx_word' id='word_1_133' title='bbox 556 2821 729 2902; x_wconf 84' lang='lat' dir='ltr'>Isocratem</span> <span class='ocrx_word' id='word_1_134' title='bbox 760 2826 966 2904; x_wconf 75' lang='lat' dir='ltr'>Athenienfis</span> <span class='ocrx_word' id='word_1_135' title='bbox 995 2833 1132 2902; x_wconf 77' lang='lat' dir='ltr'>ciuintis</span> 
     </span>
     <span class='ocr_line' id='line_1_24' title="bbox 220 2930 1131 3032; baseline 0 -27"><span class='ocrx_word' id='word_1_136' title='bbox 220 2930 292 3005; x_wconf 86' lang='lat' dir='ltr'>laus</span> <span class='ocrx_word' id='word_1_137' title='bbox 313 2935 349 3002; x_wconf 92' lang='lat' dir='ltr'>in</span> <span class='ocrx_word' id='word_1_138' title='bbox 367 2935 572 3030; x_wconf 81' lang='lat' dir='ltr'>Panegyrico</span> <span class='ocrx_word' id='word_1_139' title='bbox 596 2950 629 3005; x_wconf 87' lang='lat' dir='ltr'>et</span> <span class='ocrx_word' id='word_1_140' title='bbox 646 2932 741 3006; x_wconf 82' lang='lat' dir='ltr'>alibi:</span> <span class='ocrx_word' id='word_1_141' title='bbox 767 2932 855 3032; x_wconf 88' lang='lat' dir='ltr'>apud</span> <span class='ocrx_word' id='word_1_142' title='bbox 876 2941 972 3006; x_wconf 84' lang='lat' dir='ltr'>Xeno</span> <span class='ocrx_word' id='word_1_143' title='bbox 995 2936 1131 3011; x_wconf 75' lang='lat' dir='ltr'>hont&#39;etn</span> 
     </span>
     <span class='ocr_line' id='line_1_25' title="bbox 220 3032 1131 3138; baseline 0.002 -30"><span class='ocrx_word' id='word_1_144' title='bbox 220 3038 328 3108; x_wconf 83' lang='lat' dir='ltr'>uratio</span> <span class='ocrx_word' id='word_1_145' title='bbox 343 3033 386 3107; x_wconf 90' lang='lat' dir='ltr'>de</span> <span class='ocrx_word' id='word_1_146' title='bbox 400 3032 571 3132; x_wconf 75' lang='lat' dir='ltr'>Agesilaus</span> <span class='ocrx_word' id='word_1_147' title='bbox 590 3034 679 3138; x_wconf 82' lang='lat' dir='ltr'>apud</span> <span class='ocrx_word' id='word_1_148' title='bbox 687 3042 887 3111; x_wconf 84' lang='lat' dir='ltr'>Ciceronem</span> <span class='ocrx_word' id='word_1_149' title='bbox 901 3032 922 3109; x_wconf 91' lang='lat' dir='ltr'>s</span> <span class='ocrx_word' id='word_1_150' title='bbox 968 3041 1036 3108; x_wconf 84' lang='lat' dir='ltr'>oria</span> <span class='ocrx_word' id='word_1_151' title='bbox 1050 3034 1131 3137; x_wconf 87' lang='lat' dir='ltr'>legis</span> 
     </span>
     <span class='ocr_line' id='line_1_26' title="bbox 220 3137 1132 3241; baseline 0.001 -29"><span class='ocrx_word' id='word_1_152' title='bbox 220 3137 394 3224; x_wconf 77' lang='lat' dir='ltr'>Maniliae,</span> <span class='ocrx_word' id='word_1_153' title='bbox 414 3157 447 3212; x_wconf 90' lang='lat' dir='ltr'>et</span> <span class='ocrx_word' id='word_1_154' title='bbox 466 3137 535 3213; x_wconf 89' lang='lat' dir='ltr'>laus</span> <span class='ocrx_word' id='word_1_155' title='bbox 547 3144 695 3241; x_wconf 83' lang='lat' dir='ltr'>Pompeii</span> <span class='ocrx_word' id='word_1_156' title='bbox 707 3144 799 3214; x_wconf 82' lang='lat' dir='ltr'>Orat.</span> <span class='ocrx_word' id='word_1_157' title='bbox 812 3164 874 3239; x_wconf 90' lang='lat' dir='ltr'>pro</span> <span class='ocrx_word' id='word_1_158' title='bbox 885 3138 998 3225; x_wconf 81' lang='lat' dir='ltr'>Balbo,</span> <span class='ocrx_word' id='word_1_159' title='bbox 1018 3137 1132 3214; x_wconf 80' lang='lat' dir='ltr'>Caesa·</span> 
     </span>
     <span class='ocr_line' id='line_1_27' title="bbox 220 3242 1131 3343; baseline 0.003 -28"><span class='ocrx_word' id='word_1_160' title='bbox 220 3248 264 3315; x_wconf 89' lang='lat' dir='ltr'>ris</span> <span class='ocrx_word' id='word_1_161' title='bbox 278 3267 342 3341; x_wconf 91' lang='lat' dir='ltr'>pro</span> <span class='ocrx_word' id='word_1_162' title='bbox 355 3242 537 3316; x_wconf 82' lang='lat' dir='ltr'>Marcello:</span> <span class='ocrx_word' id='word_1_163' title='bbox 563 3243 648 3343; x_wconf 86' lang='lat' dir='ltr'>apud</span> <span class='ocrx_word' id='word_1_164' title='bbox 663 3243 807 3317; x_wconf 85' lang='lat' dir='ltr'>Plinium</span> <span class='ocrx_word' id='word_1_165' title='bbox 819 3243 967 3319; x_wconf 83' lang='lat' dir='ltr'>Traiani.</span> <span class='ocrx_word' id='word_1_166' title='bbox 987 3246 1074 3317; x_wconf 85' lang='lat' dir='ltr'>Nam</span> <span class='ocrx_word' id='word_1_167' title='bbox 1089 3244 1131 3318; x_wconf 85' lang='lat' dir='ltr'>ab</span> 
     </span>
     <span class='ocr_line' id='line_1_28' title="bbox 220 3341 1132 3447; baseline -0.002 -27"><span class='ocrx_word' id='word_1_168' title='bbox 220 3350 275 3420; x_wconf 87' lang='lat' dir='ltr'>his</span> <span class='ocrx_word' id='word_1_169' title='bbox 295 3341 371 3418; x_wconf 89' lang='lat' dir='ltr'>solis</span> <span class='ocrx_word' id='word_1_170' title='bbox 392 3365 501 3421; x_wconf 88' lang='lat' dir='ltr'>totum</span> <span class='ocrx_word' id='word_1_171' title='bbox 523 3351 590 3421; x_wconf 90' lang='lat' dir='ltr'>hoc</span> <span class='ocrx_word' id='word_1_172' title='bbox 608 3372 711 3446; x_wconf 87' lang='lat' dir='ltr'>genus</span> <span class='ocrx_word' id='word_1_173' title='bbox 731 3347 996 3447; x_wconf 83' lang='lat' dir='ltr'>percipiendum,</span> <span class='ocrx_word' id='word_1_174' title='bbox 1023 3349 1058 3419; x_wconf 90' lang='lat' dir='ltr'>hi</span> <span class='ocrx_word' id='word_1_175' title='bbox 1071 3345 1132 3421; x_wconf 90' lang='lat' dir='ltr'>soli</span> 
     </span>
     <span class='ocr_line' id='line_1_29' title="bbox 219 3446 1132 3554; baseline 0.001 -32"><span class='ocrx_word' id='word_1_176' title='bbox 219 3447 396 3538; x_wconf 85' lang='lat' dir='ltr'>imitandi,</span> <span class='ocrx_word' id='word_1_177' title='bbox 422 3455 458 3523; x_wconf 91' lang='lat' dir='ltr'>in</span> <span class='ocrx_word' id='word_1_178' title='bbox 481 3455 584 3554; x_wconf 88' lang='lat' dir='ltr'>iisque</span> <span class='ocrx_word' id='word_1_179' title='bbox 604 3446 805 3541; x_wconf 79' lang='lat' dir='ltr'>videndum,</span> <span class='ocrx_word' id='word_1_180' title='bbox 838 3469 875 3523; x_wconf 88' lang='lat' dir='ltr'>vt</span> <span class='ocrx_word' id='word_1_181' title='bbox 893 3448 1063 3525; x_wconf 79' lang='lat' dir='ltr'>sententias</span> <span class='ocrx_word' id='word_1_182' title='bbox 1087 3446 1132 3525; x_wconf 86' lang='lat' dir='ltr'>ad</span> 
     </span>
     <span class='ocr_line' id='line_1_30' title="bbox 219 3552 1132 3655; baseline 0.004 -29"><span class='ocrx_word' id='word_1_183' title='bbox 219 3552 379 3655; x_wconf 88' lang='lat' dir='ltr'>quodque</span> <span class='ocrx_word' id='word_1_184' title='bbox 398 3580 503 3654; x_wconf 85' lang='lat' dir='ltr'>genus</span> <span class='ocrx_word' id='word_1_185' title='bbox 522 3561 717 3655; x_wconf 82' lang='lat' dir='ltr'>pertinentes</span> <span class='ocrx_word' id='word_1_186' title='bbox 736 3573 888 3629; x_wconf 90' lang='lat' dir='ltr'>notemus</span> <span class='ocrx_word' id='word_1_187' title='bbox 904 3576 939 3631; x_wconf 90' lang='lat' dir='ltr'>et</span> <span class='ocrx_word' id='word_1_188' title='bbox 954 3578 1132 3631; x_wconf 87' lang='lat' dir='ltr'>teneamus.</span> 
     </span>
     <span class='ocr_line' id='line_1_31' title="bbox 220 3655 1131 3758; baseline -0.002 -27"><span class='ocrx_word' id='word_1_189' title='bbox 220 3659 425 3758; x_wconf 81' lang='lat' dir='ltr'>Vbi&#39;inopia</span> <span class='ocrx_word' id='word_1_190' title='bbox 449 3663 510 3730; x_wconf 89' lang='lat' dir='ltr'>erit</span> <span class='ocrx_word' id='word_1_191' title='bbox 532 3684 641 3731; x_wconf 87' lang='lat' dir='ltr'>rerum</span> <span class='ocrx_word' id='word_1_192' title='bbox 661 3655 920 3745; x_wconf 72' lang='lat' dir='ltr'>nudandarum,</span> <span class='ocrx_word' id='word_1_193' title='bbox 954 3684 1036 3756; x_wconf 86' lang='lat' dir='ltr'>quae</span> <span class='ocrx_word' id='word_1_194' title='bbox 1055 3682 1131 3758; x_wconf 86' lang='lat' dir='ltr'>pro·</span> 
     </span>
    </p>
   </div>
   <div class='ocr_carea' id='block_1_3' title="bbox 222 3757 1132 3865">
    <p class='ocr_par' dir='ltr' id='par_1_6' title="bbox 222 3757 1132 3865">
     <span class='ocr_line' id='line_1_32' title="bbox 222 3757 1132 3865; baseline -0.004 -32"><span class='ocrx_word' id='word_1_195' title='bbox 222 3766 314 3863; x_wconf 86' lang='lat' dir='ltr'>priae</span> <span class='ocrx_word' id='word_1_196' title='bbox 337 3759 399 3835; x_wconf 80' lang='lat' dir='ltr'>fint</span> <span class='ocrx_word' id='word_1_197' title='bbox 422 3788 454 3834; x_wconf 84' lang='lat' dir='ltr'>v.</span> <span class='ocrx_word' id='word_1_198' title='bbox 477 3787 512 3861; x_wconf 86' lang='lat' dir='ltr'>g.</span> <span class='ocrx_word' id='word_1_199' title='bbox 527 3757 669 3865; x_wconf 81' lang='lat' dir='ltr'>personis</span> <span class='ocrx_word' id='word_1_200' title='bbox 685 3761 879 3850; x_wconf 68' lang='lat' dir='ltr'>monadis,</span> <span class='ocrx_word' id='word_1_201' title='bbox 903 3759 1006 3836; x_wconf 83' lang='lat' dir='ltr'>stfit:</span> <span class='ocrx_word' id='word_1_202' title='bbox 1025 3762 1132 3832; x_wconf 84' lang='lat' dir='ltr'>oratio</span> 
     </span>
    </p>
   </div>
   <div class='ocr_carea' id='block_1_4' title="bbox 704 3869 1152 3969">
    <p class='ocr_par' dir='ltr' id='par_1_7' title="bbox 704 3869 1152 3969">
     <span class='ocr_line' id='line_1_33' title="bbox 704 3869 1152 3969; baseline -0.009 0"><span class='ocrx_word' id='word_1_203' title='bbox 704 3869 824 3969; x_wconf 68' lang='lat' dir='ltr'>(Cn</span> <span class='ocrx_word' id='word_1_204' title='bbox 1085 3876 1152 3929; x_wconf 53' lang='lat' dir='ltr'>m·</span> 
     </span>
    </p>
   </div>
   <div class='ocr_carea' id='block_1_5' title="bbox 0 0 1360 4434">
    <p class='ocr_par' dir='ltr' id='par_1_8' title="bbox 0 0 1360 4434">
     <span class='ocr_line' id='line_1_34' title="bbox 0 0 1360 4434; baseline 0 1"><span class='ocrx_word' id='word_1_205' title='bbox 0 0 1360 4434; x_wconf 95' lang='lat' dir='ltr'> </span> 
     </span>
    </p>
   </div>
  </div>
 </body>
</html>
